1988 3344
1756 233 1809 272 27

115 365 186 406 sed
207 378 339 420 neque
352 368 400 406 tu
421 379 486 406 me
508 365 636 406 aliam
668 364 864 408 invenies
896 365 970 408 Dii
992 369 1160 408 tantum
1191 368 1281 409 fata
1313 370 1584 424 secumlenffl)
1605 374 1648 412 et
1679 374 1811 414 amori

114 426 259 465 nostro
289 438 535 478 prosperum
565 427 758 466 eventum
790 425 900 466 dent.
933 425 1044 467 Dum
1075 426 1249 480 spiritus
1282 427 1358 468 hos
1389 428 1503 483 regit
1525 428 1678 483 artus2)
1692 446 1811 484 prae-

108 486 175 524 ter
189 485 232 523 te
250 497 371 524 nemo
393 483 619 525 Lucretiae
639 486 789 536 potens
810 483 901 534 erit,
924 499 976 525 ne
997 485 1172 526 maritus
1204 485 1383 540 quidem,
1416 488 1447 528 si
1484 487 1567 529 rite
1608 490 1810 532 maritum

109 542 288 596 appello,
320 542 392 598 qui
424 542 531 583 mihi
561 541 719 584 invitae
752 543 873 584 datus
905 546 968 584 est
991 543 1100 585 etin
1122 559 1245 598 quem
1268 546 1434 588 animus
1460 561 1676 602 nunquam
1710 564 1808 591 con-

108 600 238 642 sensit
268 615 395 646 meus,
428 600 508 643 Sed
531 615 607 656 age
647 615 739 642 mea
780 602 983 655 voluptas,
1006 617 1143 644 meum
1186 603 1399 655 delicium,
1436 605 1610 648 abiicito
1644 622 1809 650 saccum

107 659 231 710 hunc,
253 664 376 715 teque
408 659 527 710 mihi,
569 663 618 702 ut
659 674 716 712 es,
763 661 945 702 ostende.
975 661 1093 702 Exue
1134 663 1309 704 vectoris
1351 665 1548 718 speciem.
1575 664 1665 707 Hos
1688 669 1808 709 funes

107 720 259 761 missos
291 720 367 762 fac.
398 719 633 773 Euryalum
664 733 730 760 me
760 719 896 761 videre
929 720 1182 762 concedito.“
1819 722 1821 724 ’

250 779 340 820 Iam
371 778 454 827 ille,
477 778 680 832 depositis
712 778 914 829 sordibus,
937 783 1052 821 ostro
1076 780 1265 835 fulgebat
1297 785 1339 822 et
1372 797 1473 823 auro
1508 787 1550 825 et
1572 784 1728 826 amoris
1761 787 1806 827 in

108 837 291 879 officium
312 852 470 892 pronus
492 838 596 880 ibat.
629 837 736 878 Tum
769 836 923 888 Sosias,
956 842 1053 880 ante
1087 839 1239 881 ostium
1261 841 1501 893 pulsitans:

251 896 464 950 „Cavete,“
500 896 653 950 inquit,
693 901 932 950 „amantes;
964 898 1104 939 nescio
1137 898 1238 953 quid
1263 914 1401 940 rerum
1427 916 1640 955 quaerenS,
1665 903 1807 946 Mene-

105 955 194 997 laus
218 956 298 998 huc
319 956 506 998 festinat.
540 956 686 1012 Tegite
718 956 835 998 furta
866 959 1017 1006 vestra,
1041 957 1228 1012 dolisque
1261 958 1396 1000 virum
1421 960 1565 1003 fallite.
1589 960 1713 1003 Nihil
1728 967 1803 1013 est,

105 1029 187 1069 qua
217 1017 359 1071 egredi
392 1016 631 1070 putetisflb')

247 1075 354 1116 Tum
386 1074 611 1117 Lucretia:

251 1134 518 1189 „Latibulum
550 1149 725 1188 parvum
757 1135 834 1176 sub
867 1138 997 1176 strato
1030 1138 1104 1183 est,
1136 1134 1220 1176 illic
1241 1135 1452 1189 pretiosae
1476 1152 1540 1178 res
1563 1143 1672 1180 sunt.
1700 1139 1799 1192 Scis,

105 1194 207 1248 quid
237 1193 319 1236 tibi
350 1193 603 1247 scripserim,
637 1193 673 1234 si
694 1197 747 1243 te,
770 1208 931 1235 mecum
959 1193 1169 1243 existente,
1192 1194 1254 1235 vir
1299 1196 1553 1239 adventaret.
1580 1197 1803 1253 Ingredere

79 1284 88 1291 .
106 1253 198 1302 huc,
211 1257 328 1295 tutus
341 1253 410 1294 his
424 1253 469 1294 in
491 1252 676 1294 tenebris
691 1253 783 1295 eris.
799 1253 945 1307 Neque
966 1257 1008 1294 te
1022 1256 1209 1302 moveris,
1228 1252 1360 1308 neque
1375 1260 1583 1297 screatum
1598 1258 1798 1302 dederis.“

245 1314 422 1366 Anceps,
445 1313 546 1366 quid
579 1315 677 1367 agat
709 1312 927 1366 Euryalus,
959 1312 1142 1353 mulieris
1165 1313 1390 1366 imperium
1413 1314 1535 1356 subit.
1568 1315 1656 1367 Illa,
1699 1318 1802 1359 fori-

103 1373 184 1413 bus
206 1372 444 1426 patefactis,
468 1371 520 1412 ad
542 1372 721 1412 sericum
742 1371 900 1425 reditf)
934 1371 1041 1412 Tum
1073 1371 1286 1413 Menelaus
1307 1377 1349 1414 et
1370 1388 1454 1414 una
1482 1374 1625 1416 Bertus
1647 1381 1801 1421 assunt.

104 1430 386 1486 chirographa
417 1431 632 1480 nonnulla,
666 1430 718 1471 ad
758 1430 1063 1484 rempublicam
1104 1431 1371 1484 pertinentia,
1397 1434 1652 1489 quaesituri3
1685 1451 1799 1490 quae,

102 1494 329 1545 postquam
350 1489 476 1531 n‘ullis
507 1489 678 1531 inventa
711 1489 1019 1539 suntscriniis,

250 1549 327 1604 „In
347 1549 523 1601 l‘atibulo
545 1551 726 1598 nostro,“
753 1548 893 1603 inquit
914 1547 1139 1597 Menelaus,
1163 1549 1341 1590 torsitan
1365 1554 1498 1592 erunt.
1537 1551 1572 1601 I,
1598 1553 1799 1604 Lucretia,

102 1610 323 1663 lumenque
356 1609 468 1652 affer.
500 1608 568 1649 hic
598 1607 715 1648 intus
746 1608 1027 1662 quaerendum
1059 1609 1158 1650 est-J<

246 1667 325 1708 His
346 1667 570 1708 exterritus
600 1667 771 1709 voc-ibus
802 1667 1022 1721 Euryalus,
1045 1667 1261 1722 exsangvis
1282 1668 1344 1717 fit,
1367 1668 1532 1724 iamque
1554 1669 1800 1713 Lucretiam

103 1728 236 1781 odisse
268 1726 435 1781 incipit,
468 1730 595 1780 atque
627 1726 739 1767 inter
770 1741 836 1769 se:

117 1782 121 1784 .
248 1782 366 1840 „Heu
401 1800 466 1826 me
497 1786 710 1826 111111111112α
746 1785 900 1840 inquit,
938 1785 1056 1840 „quis
1087 1800 1152 1825 me
1185 1785 1264 1826 huc
1288 1787 1425 1828 venire
1459 1789 1673 1842 compulit,
1716 1791 1799 1832 nisi

102 1845 248 1887 levitas
268 1848 392 1887 mea?
424 1844 549 1886 Nunc
572 1844 853 1898 deprehensus
876 1858 989 1898 sum3
1012 1859 1121 1885 nunc
1152 1844 1320 1886 infamis
1343 1846 1422 1897 fio,
1464 1862 1576 1889 nunc
1610 1847 1797 1890 Caesaris

102 1904 286 1960 gratiam
317 1905 458 1958 perdo.
493 1904 602 1953 Quid
633 1903 818 1958 gratiam
838 1910 856 1945 ζ)
898 1904 1061 1944 utinam
1103 1903 1209 1944 mihi
1246 1904 1333 1945 vita
1356 1906 1564 1959 supersit!
1599 1907 1699 1956 Quis
1732 1923 1797 1949 me

101 1965 202 2005 hinc
232 1965 372 2005 vivum
403 1963 589 2016 eripiet?
621 1963 770 2004 Emori
791 1966 952 2004 certum
974 1964 1075 2005 61113.α

247 2022 310 2077 „O
333 2037 399 2063 me
421 2037 572 2064 vanum
595 2025 637 2063 et
658 2022 885 2064 stultorum
917 2022 1103 2063 omnium
1124 2021 1448 2064 stultissimum!
1483 2022 1532 2064 ln
1555 2025 1663 2067 hanc
1705 2041 1797 2067 sen·-

99 2083 237 2123 tinam
268 2081 408 2123 volens
430 2081 573 2124 cecidi.
607 2081 715 2131 Quid
733 2081 834 2122 haec
856 2082 1012 2123 amoris
1031 2080 1198 2136 gaudia,
1221 2081 1256 2122 si
1276 2081 1389 2122 tanti
1411 2087 1638 2125 emuntur?
1658 2085 1796 2127 Brevis

73 2153 76 2155 ’
98 2146 160 2182 est
191 2141 265 2182 illa
291 2141 496 2195 voluptas,
519 2141 680 2182 dolores
701 2140 949 2195 longissimi.
974 2139 1034 2182 O!
1057 2140 1090 2181 si
1114 2155 1190 2181 nos
1210 2140 1312 2182 haec
1333 2155 1410 2194 pro
1432 2156 1562 2197 regno
1586 2144 1794 2185 coelorum

99 2199 356 2242 subiremus!
388 2199 499 2241 Mira
520 2204 583 2241 est
604 2199 826 2241 hominum
848 2199 1043 2241 stultitia.
1076 2198 1256 2240 Labores
1302 2200 1443 2241 breves
1485 2202 1677 2244 nolumus
1718 2218 1794 2257 pro

97 2259 362 2313 longissimis
376 2259 554 2300 tolerare
570 2259 751 2313 gaudiis,
767 2258 936 2300 Amoris
949 2273 1081 2307 causa,
1099 2258 1213 2300 cuius
1234 2258 1399 2300 laetitia
1421 2260 1537 2302 fumo
1560 2263 1794 2316 comparari

96 2321 261 2372 potest:
294 2318 474 2359 infinitis
505 2333 582 2360 nos
614 2319 869 2360 obiectamus
904 2317 1112 2372 angustiis
1132 2318 1150 2337 ‘⁴

243 2376 375 2430 „Ecce
406 2392 471 2418 me
505 2378 667 2431 ipsum!
703 2377 789 2418 Iam
821 2391 899 2432 ego
932 2377 1175 2430 exemplum,
1209 2376 1296 2417 iam
1327 2377 1471 2418 fabula
1503 2379 1689 2420 omnium
1712 2395 1791 2430 ero,

97 2450 172 2477 nee
215 2436 308 2490 quis
331 2435 470 2477 exitus
492 2440 647 2490 pateat,
679 2437 775 2478 scio.
808 2436 922 2477 Hinc
953 2436 990 2477 si
1022 2451 1087 2477 me
1121 2437 1291 2477 deorum
1336 2435 1548 2490 quispiam
1590 2439 1791 2481 traxerit:
1822 2446 1826 2453 ‘

95 2510 300 2549 nusquam
322 2509 386 2535 me
408 2509 551 2536 rursus
594 2511 711 2537 amor
753 2495 1013 2549 illaqueabit,
1045 2495 1079 2536 O
1114 2495 1251 2536 Deus!
1299 2495 1412 2548 eripe
1434 2510 1500 2536 me
1523 2496 1635 2546 hine,
1668 2513 1791 2551 parce

94 2554 301 2596 iuventuti
332 2553 471 2597 meae!
504 2554 605 2596 Noli
636 2569 748 2596 meas
769 2554 912 2595 metiri
932 2554 1222 2609 ignorantias!
1255 2554 1439 2595 Reserva
1461 2570 1537 2604 me,
1562 2560 1608 2596 ut
1640 2556 1789 2598 horum

96 2612 340 2655 delictorum
370 2612 675 2667 poenitentiam
707 2628 829 2668 agam
843 2615 877 2655 !“

240 2673 364 2727 „Non
398 2686 463 2713 me
485 2672 643 2713 amavit
672 2671 881 2721 Lucretia,
904 2672 971 2713 sed
995 2672 1112 2727 quasi
1135 2686 1313 2720 cervum,
1336 2671 1380 2712 in
1406 2685 1538 2714 casses
1564 2673 1699 2715 voluit
1721 2676 1789 2716 de-

93 2731 360 2786 prehendere.
392 2731 523 2773 Ecce!
556 2730 671 2772 venit
702 2731 788 2773 dies
809 2745 939 2773 meus.
972 2730 1108 2772 Nemo
1130 2745 1195 2771 me
1225 2730 1420 2772 adiuvare
1443 2735 1594 2784 potest,
1628 2733 1711 2774 nisi
1742 2738 1788 2775 tu

93 2790 204 2832 Deus
224 2805 352 2834 meus.
375 2790 601 2831 Audieram
623 2804 700 2845 ego
725 2804 845 2843 saepe
867 2789 1088 2830 mulierum
1109 2789 1322 2843 fassacias3
1343 2803 1420 2830 1166
1444 2790 1650 2832 declinare
1672 2793 1786 2834 scivi.

92 2850 163 2900 At,
195 2849 231 2891 si
262 2865 373 2891 1111116
404 2863 593 2892 evasero:
627 2849 741 2890 nulla
772 2863 836 2889 me
868 2863 1051 2902 unquam
1083 2848 1270 2889 mulieris
1302 2848 1456 2890 techna
1483 2849 1727 2904 deludet.“·''')

235 3049 262 3094 l)
286 3049 397 3093 Verg.
424 3052 514 3084 Aen.
543 3049 620 3084 VH.
649 3051 728 3085 259.
760 3070 799 3074 —
828 3050 856 3092 ²)
881 3048 972 3085 Ibid.
1014 3047 1076 3083 IV.
1103 3049 1182 3083 336.
1211 3067 1254 3072 —-
1280 3047 1309 3092 ⁸)
1337 3047 1439 3082 Conf.
1466 3047 1576 3092 Verg.
1603 3053 1684 3085 Aen
1721 3052 1782 3087 IX⁴

92 3098 172 3132 739.
200 3116 242 3121 -
269 3089 298 3141 ⁴)
326 3097 426 3132 conf.
456 3097 537 3133 Ter.
567 3098 705 3131 fleant.
732 3095 773 3132 11.
801 3098 843 3139 3;
871 3098 927 3131 37.
954 3115 996 3121 -
1025 3096 1053 3140 δ)
1080 3095 1183 3131 Cous,
1209 3093 1301 3129 ibid.
1328 3093 1390 3129 m.
1419 3096 1461 3138 1;
1490 3096 1545 3131 61.
1574 3098 1629 3132 62.

1713 3172 1735 3205 4

1174 3254 1185 3275 Ι
