1988 3344
1757 209 1813 249 53

221 347 476 402 Aeneae
517 347 724 418 Sylvii
763 347 1066 417 epistolae
1107 347 1418 416 quaedam
1457 351 1693 405 acutae.

605 465 799 521 Epistola
835 467 897 507 15.
931 467 1077 520 (Num.
1110 482 1196 509 cur.
1228 467 1316 522 48.)

257 525 425 568 Aeneas
459 524 627 580 Sylvius
659 528 800 580 poeta,
835 525 1019 579 genitori
1051 540 1128 567 suo
1162 525 1305 580 Sylvio
1338 527 1549 568 salutem!

258 584 456 636 Laeteris‚
488 599 543 625 an
575 584 729 634 doleas,
753 585 865 639 quod
889 584 991 626 mihi
1024 584 1213 627 sobolem
1241 585 1452 629 Dominus
1485 585 1658 630 dederit.
1681 585 1816 628 incer-

114 647 208 685 tum
250 649 293 686 te
338 643 500 694 scribis,
544 646 680 697 pater.
730 644 802 694 At,
836 657 915 699 ego
947 643 1134 686 laetitiae
1169 659 1337 686 causam
1369 645 1501 695 video,
1535 645 1696 687 doloris
1730 660 1813 686 non

116 704 251 745 video.
284 702 392 752 Quid
424 702 537 744 enim
569 702 733 744 dulcius
766 702 810 744 in
843 703 1039 745 humanis
1072 707 1148 753 est,
1166 719 1293 759 quam
1315 705 1495 760 gignere
1518 703 1597 746 sibi
1620 703 1814 755 similem,

116 766 335 816 tamquam
367 763 594 804 extendere
649 761 899 816 sangvinem
930 765 974 803 et
1004 762 1171 813 habere,
1205 777 1329 818 quem
1362 769 1462 818 post
1494 767 1536 805 te
1566 763 1813 818 relinquas?

117 822 239 871 Quod
272 821 317 863 in
347 820 473 863 terris
505 820 686 872 beatius,
721 836 846 875 quam
881 826 1007 863 natos
1042 821 1180 864 videre
1213 826 1446 864 natorum?
1480 822 1587 865 Mihi
1620 823 1814 877 equidem

116 881 269 935 ingens
300 881 504 935 voluptas
538 885 613 932 est,
646 881 759 935 quod
791 895 936 922 semen
968 896 1108 922 meum
1141 882 1421 932 foeticaverit,
1454 883 1659 937 quodque,
1691 886 1815 924 ante-

118 955 243 995 quam
275 940 444 990 moriar,
478 939 633 995 aliquid
665 941 715 981 de
748 954 812 981 me
845 940 1062 996 supersit3
1095 941 1340 996 gratiasque
1363 941 1550 983 Domino
1567 941 1718 991 refero,
1741 943 1816 996 qui

115 1002 289 1054 partum
332 998 512 1041 feminae
564 999 772 1055 figuravit
804 999 847 1040 in
879 1013 1049 1049 marem,
1081 1003 1130 1041 ut
1162 1001 1275 1054 apud
1308 1005 1350 1043 te
1382 1004 1563 1055 patrem,
1594 1015 1816 1055 meamque

116 1061 308 1112 matrem,
339 1058 494 1113 aliquis
546 1074 703 1113 parvus
734 1059 855 1100 ludat
887 1059 1056 1100 Aeneas
1089 1063 1130 1101 et
1163 1060 1317 1101 solatia
1348 1064 1539 1114 praestet
1571 1060 1673 1110 avis,
1707 1074 1815 1114 quae

116 1118 296 1160 debebat
327 1120 450 1173 pater
472 1118 726 1173 impendere.
751 1117 870 1166 Quod
893 1118 929 1159 si
951 1117 1043 1168 tibi,
1065 1118 1232 1172 genitor
1264 1119 1418 1175 gaudio
1437 1119 1520 1162 fuit
1541 1134 1658 1161 meus
1683 1124 1815 1169 ortus,

117 1192 190 1219 cur
222 1177 338 1219 filius
372 1192 488 1219 meus
521 1178 626 1220 mihi
660 1191 745 1219 non
778 1178 834 1218 sit
867 1176 1092 1219 laetitiae?

259 1237 384 1278 Anne
416 1240 458 1278 te
492 1252 661 1291 quoque
692 1236 937 1278 laetificabit
969 1236 1173 1279 infantuli
1206 1238 1361 1288 vultus,
1395 1253 1490 1279 cum
1523 1253 1658 1279 meam
1699 1237 1814 1280 vide-

117 1296 181 1337 bis
215 1296 255 1337 in
288 1296 362 1337 illo
386 1295 609 1352 effigiem?
644 1295 860 1350 Numquid
892 1295 971 1337 tibi
1003 1295 1231 1338 iucundum
1264 1297 1359 1347 erit,
1375 1312 1468 1338 cum
1491 1298 1694 1352 parvulus
1712 1312 1814 1350 pen-

118 1355 234 1397 debit
266 1370 317 1397 ex
350 1355 460 1397 60110
493 1355 695 1397 Aeneas?
728 1355 997 1410 puerilesque
1028 1356 1255 1398 blanditias
1289 1356 1507 1412 agitabit?
1542 1356 1621 1399 Sed
1648 1356 1708 1398 ais
1730 1357 1817 1397 for-

117 1418 244 1465 tasse,
277 1415 415 1456 dolere
447 1429 587 1456 meum
620 1413 791 1465 crimen,
824 1416 935 1469 quod
957 1429 1008 1456 ex
1030 1418 1206 1469 peccato
1226 1416 1447 1470 genuerim
1480 1416 1629 1462 filium.
1645 1415 1815 1465 Nescio,

119 1489 243 1529 quam
276 1475 324 1515 de
357 1489 424 1515 me
456 1474 630 1516 finxeris
663 1473 742 1515 tibi
775 1473 1025 1528 opinionem.
1060 1473 1180 1517 Certe
1206 1489 1280 1516 nec
1295 1475 1517 1530 lapideum,
1534 1490 1611 1517 nec
1632 1475 1814 1516 ferreum

120 1533 311 1588 genuisti
343 1533 491 1584 filium,
514 1548 609 1575 cum
631 1548 744 1575 esses
768 1538 815 1575 tu
839 1548 1035 1576 carneus,
1060 1534 1161 1585 Scis,
1185 1534 1320 1589 qualis
1344 1538 1391 1575 tu
1415 1535 1559 1590 gallus
1581 1534 1719 1576 fueris.
1754 1535 1816 1575 At

117 1608 192 1636 nec
225 1607 305 1649 ego
338 1596 550 1634 castratus
583 1608 685 1644 sum,
718 1607 853 1647 neque
884 1608 934 1634 ex
965 1592 1220 1648 frigidorum
1242 1609 1431 1636 numero.
1453 1594 1541 1635 Nec
1565 1609 1657 1635 sum
1680 1594 1815 1648 hypo-

118 1653 233 1703 crita,
267 1656 313 1693 ut
345 1651 479 1694 videri
512 1652 661 1706 bonus,
695 1667 821 1707 quam
853 1667 942 1694 esse
965 1652 1100 1696 velim.
1115 1653 1277 1695 Fateor
1312 1653 1495 1708 ingenue
1528 1668 1669 1695 meum
1701 1668 1815 1694 erra-

117 1716 221 1763 tum,
244 1711 341 1767 quia
363 1726 440 1753 nec
462 1711 648 1753 sanctior
671 1726 765 1752 sum
788 1711 928 1754 David
949 1726 1059 1767 rege,
1082 1727 1158 1754 nec
1181 1711 1401 1754 salamone
1425 1712 1664 1767 sapientior.
1690 1712 1818 1754 Anti—

118 1787 247 1827 quum
270 1775 312 1812 et
334 1773 457 1812 vetus
482 1774 546 1812 est
568 1771 649 1813 hoc
672 1770 884 1822 delictum,
917 1785 993 1812 nec
1026 1771 1123 1821 scio,
1157 1772 1250 1826 quis
1282 1773 1363 1813 1106
1384 1775 1535 1813 careat.
1560 1772 1662 1812 Late
1695 1775 1817 1825 patet

118 1832 223 1872 haec
244 1830 395 1886 pestiS,
427 1830 461 1871 si
493 1830 629 1885 pestis
660 1835 726 1872 est
748 1831 1015 1873 naturalibus
1048 1831 1123 1881 uti,
1167 1846 1422 1886 (fliamquam
1454 1846 1542 1872 non
1574 1831 1707 1881 video,
1741 1846 1818 1871 6111

118 1893 341 1944 tantopere
374 1889 564 1930 damnari
597 1890 736 1932 coitus
769 1890 931 1940 debeat,
965 1905 1058 1932 cum
1102 1895 1265 1941 natura,
1307 1905 1414 1945 quae
1456 1890 1561 1932 nihil
1594 1905 1815 1946 perperam

119 1953 335 2005 operatur,
358 1948 553 1991 omnibus
576 1949 820 2005 ingenuelit
854 1923 1138 2019 aniinantibus
1171 1951 1284 1991 1111116
1317 1949 1568 2005 appetitum,
1600 1954 1649 1990 ut
1681 1964 1816 2004 genus

117 2010 353 2050 humanum
385 2008 609 2050 continuer
612 2012 718 2052 etur.

261 2068 342 2109 Sed
375 2067 491 2118 dicis,
523 2071 570 2109 ut
603 2067 796 2117 arbitror,
830 2071 966 2109 certos
999 2082 1090 2109 esse
1122 2067 1285 2118 limites,
1320 2068 1436 2122 intra
1451 2083 1555 2124 quos
1577 2070 1657 2110 1106
1679 2067 1816 2118 liceat,

119 2142 196 2168 nec
229 2130 349 2169 extra
370 2126 584 2183 legitimas
610 2126 872 2168 matrimonii
907 2127 1020 2168 faces
1059 2127 1360 2181 progrediebat
1382 2128 1451 2169 hic
1494 2127 1726 2182 appetitus.
1749 2127 1819 2168 Ita

119 2189 185 2228 est
217 2201 318 2228 sane
342 2189 384 2227 et
410 2200 533 2240 saepe
556 2186 671 2228 inter
696 2186 788 2241 ipsa
823 2189 1073 2240 nuptiarum
1108 2188 1292 2228 claustra
1315 2188 1450 2228 scelus
1473 2186 1726 2228 admittitur.
1759 2186 1817 2227 Et

119 2245 287 2287 bibendi
320 2260 498 2300 quoque,
534 2246 778 2288 comedendi
803 2248 845 2286 et
866 2245 1060 2301 loquendi
1107 2246 1209 2294 certi
1250 2250 1351 2288 sunt
1393 2246 1578 2296 termini,
1617 2246 1690 2287 sed
1723 2245 1818 2299 quis

121 2307 263 2346 servat
294 2305 424 2346 illos?
474 2305 602 2360 „Quis
636 2308 723 2346 tam
766 2305 915 2358 iustus,
961 2307 1009 2346 ut
1043 2305 1200 2359 septies
1245 2305 1287 2347 in
1320 2306 1385 2347 die
1418 2321 1504 2347 non
1537 2305 1717 2347 cadat‘?“
1754 2305 1815 2345 lo-

120 2367 277 2419 quatur
322 2363 555 2417 hypocrita,
601 2379 727 2419 seque
772 2364 933 2405 nullius
978 2365 1124 2419 culpae
1170 2365 1299 2407 scium
1333 2365 1466 2407 dicat:
1514 2379 1621 2420 „ego
1653 2364 1816 2404 nullum

120 2424 318 2464 meritum
350 2423 394 2464 in
426 2438 492 2464 1116
525 2422 622 2473 scio,
666 2424 840 2478 solaque
889 2423 992 2465 mihi
1025 2424 1167 2465 divina
1199 2424 1335 2479 pietas
1369 2438 1487 2478 spem
1521 2424 1622 2465 facit
1655 2422 1816 2464 iniseri-

121 2482 298 2530 cordiae,
347 2496 452 2536 quae
494 2496 571 2523 nos
616 2482 764 2524 labiles
799 2483 880 2524 scit
913 2486 956 2523 et
989 2484 1039 2523 ad
1073 2484 1289 2525 lasciviam
1321 2484 1542 2537 proclives,
1575 2498 1650 2524 1166
1683 2483 1818 2531 nobis,

120 2544 194 2596 qui
225 2545 346 2595 patet
369 2541 579 2594 omnibus,
608 2541 772 2584 fontem
804 2542 951 2583 veniae
984 2542 1186 2584 claudet.“

264 2600 344 2642 Sed
377 2601 424 2641 de
457 2600 537 2641 hoc
570 2603 690 2643 satis,
722 2601 863 2652 Nunc,
896 2601 993 2656 quia
1027 2602 1291 2643 coniecturas
1324 2602 1446 2655 petis,
1470 2617 1520 2643 ne
1535 2600 1716 2642 alienum
1738 2615 1817 2655 pro

120 2675 185 2701 me
218 2661 396 2709 nutrias,
430 2660 641 2713 quomodo
674 2675 738 2701 res
773 2675 815 2702 se
835 2660 1044 2713 habuerit,
1079 2661 1224 2716 paucis
1259 2675 1482 2715 exponam.

263 2718 461 2760 Nondum
496 2718 595 2759 anni
627 2719 709 2760 duo
744 2720 1003 2760 effluxerunt
1036 2735 1086 2761 ex
1111 2734 1159 2761 eo
1194 2722 1399 2774 tempore,
1442 2735 1525 2774 quo
1550 2719 1818 2774 Argentinae

122 2778 321 2831 gerebam
375 2777 555 2819 oratoris
601 2793 767 2819 munus.
813 2778 1176 2834 Quinquagesima
1207 2782 1309 2820 tunc
1341 2780 1546 2828 currebat,
1579 2793 1685 2832 quae
1718 2781 1817 2818 ante

121 2836 357 2890 proximam
392 2837 666 2892 praeteritam
699 2838 827 2878 fluxit
870 2837 936 2878 Ibi
970 2853 1064 2878 cum
1098 2838 1262 2879 otiosus
1285 2837 1430 2879 diebus
1450 2853 1584 2879 essem
1607 2837 1818 2892 pluribus,

122 2895 273 2936 mulier
290 2911 340 2937 ex
363 2895 584 2938 Britannia
607 2895 794 2945 veniens,
818 2896 1094 2938 diversorium
1117 2912 1254 2938 meum
1282 2900 1440 2952 petens,
1462 2897 1503 2938 in
1528 2897 1624 2938 unis
1647 2896 1816 2937 aedibus

123 2969 286 2995 mecum
318 2954 426 3006 fuit-,3
458 2969 544 2997 non
574 2957 819 3005 invenusta,
852 2970 929 2997 nec
962 2958 1100 2998 aetate
1133 2956 1334 2998 confecta.
1368 2956 1499 3006 Haec,
1532 2956 1631 3010 quia
1658 2970 1818 2998 sermo-

123 3028 220 3054 nem
252 3013 441 3055 italicum
474 3013 645 3070 egregie
688 3018 823 3064 norat,
856 3030 921 3056 1116
959 3015 1099 3057 verbis
1123 3016 1336 3057 salutabat
1358 3015 1581 3065 hetruscis,
1605 3016 1716 3069 quod
1749 3014 1820 3055 illa

123 3073 169 3113 in
191 3072 363 3127 regione
384 3075 509 3114 tanto
549 3075 688 3128 magis
729 3073 900 3127 placuit,
945 3077 1103 3128 quanto
1146 3077 1284 3116 rarius
1329 3077 1429 3116 erat.
1454 3075 1700 3117 Oblectatus
1724 3088 1816 3114 sum
