1970 3344
1772 202 1797 241 5

105 346 213 395 alba,
242 344 442 386 immixta
474 344 698 399 purpureis
731 343 839 386 rosis
872 343 972 385 lilia.
996 343 1226 398 Praecipue
1258 346 1403 385 tamen
1436 342 1636 385 intereas
1658 344 1798 386 nitore

95 404 298 456 Lucretia
330 404 461 445 fulsit.
496 403 828 445 Adolescentula
860 404 1047 444 nondum
1082 417 1214 444 annos
1247 402 1405 458 viginti
1438 410 1550 453 nata,
1573 403 1617 444 in
1641 404 1801 446 familia

99 463 385 517 Camillorum,
417 462 643 518 praediviti
675 464 769 504 viro
796 462 988 504 Menelao
1010 466 1168 517 nupta,
1200 462 1375 515 indigno
1400 465 1591 513 tamen‚¹)
1616 463 1681 505 cui
1704 471 1800 505 tan-

99 527 192 565 tum
225 524 352 565 decus
385 522 498 564 domi
530 521 720 571 serviret,
774 522 848 563 sed
879 521 1023 576 digno,
1056 537 1179 576 quem
1216 536 1319 563 uxor
1350 523 1568 577 deciperet
1600 533 1655 573 et,
1690 523 1802 564 sicut

104 598 183 625 nos
216 583 404 632 dicimus,
436 585 658 622 cornutum
691 581 811 636 quasi
844 595 1010 623 cervum
1044 582 1246 622 redderet.

248 642 422 685 Statura
454 640 642 682 mulieris
666 640 918 682 eminentior
940 640 1127 695 reliquis.
1143 639 1292 682 Comae
1306 640 1368 682 illi
1390 640 1586 694 copiosae
1601 644 1643 682 et
1666 640 1801 682 aureis

108 701 280 743 laminis
304 700 473 749 similes,
497 714 615 755 quaS,
637 715 722 741 non
744 714 861 741 more
884 699 1092 755 virginum
1128 700 1363 742 retrofusas
1393 700 1577 753 miserat,
1601 702 1673 742 sed
1697 716 1800 741 auro

46 768 64 811 ’ζ’
87 760 368 817 *gemmisque
401 758 639 800 incluserat.
662 759 804 801 Frons
828 760 924 814 alta,
949 759 1156 814 spatiique
1189 759 1383 809 decentis,
1416 760 1534 800 nulla
1567 759 1800 801 interserta

105 833 226 874 ruga.
259 817 493 873 Supercilia
525 818 568 860 in
602 833 745 860 arcum
768 824 907 869 tensa,
931 819 1027 873 pilis
1048 819 1195 874 paucis
1228 819 1455 874 nigrisque,
1487 818 1629 861 debito
1672 819 1803 860 inter-

104 879 213 921 vallo
246 878 464 920 disiuncta.
499 878 620 920 Oculi
654 882 774 920 tanto
806 879 948 920 nitore
979 879 1262 934 splendentes,
1306 884 1364 928 ut,
1407 879 1449 919 in
1484 878 1585 920 solis
1620 879 1802 928 modum,

105 938 420 992 respicientium
445 937 626 979 intuitus
648 938 908 979 hebetarent.
933 937 1010 979 His
1033 939 1108 980 illa
1130 943 1172 979 et
1187 938 1387 989 occidere,
1404 952 1511 992 quos
1530 939 1680 987 voluit,
1703 945 1803 993 pot-

106 1002 198 1039 erat
221 1001 264 1038 et
286 999 491 1047 mortuos,
515 1013 609 1038 cum
631 997 840 1051 libuisset,
857 997 900 1038 in
919 997 1053 1039 vitam
1087 1012 1312 1041 resumere.
1337 998 1479 1039 Nasus
1513 997 1556 1038 in
1588 998 1706 1038 filum
1739 997 1804 1038 di-

104 1060 259 1107 rectus,
301 1070 444 1099 roseas
487 1071 616 1112 genas
651 1057 818 1112 aequali
839 1072 1037 1098 mensura
1060 1057 1397 1099 disterminabat.
1432 1056 1551 1098 Nihil
1583 1057 1648 1098 his
1682 1059 1804 1110 genis

107 1116 344 1166 amabilius,
367 1115 472 1157 nihil
495 1115 780 1158 delectabilius
812 1117 931 1169 visu3
953 1132 1074 1170 quae,
1098 1132 1190 1158 cum
1216 1118 1368 1158 mulier
1410 1116 1519 1166 risit,
1554 1116 1595 1157 in
1628 1131 1804 1171 parvam

106 1175 322 1230 utrimque
354 1175 629 1217 dehiscebant
660 1176 838 1218 foveam.
871 1175 1008 1218 Nemo
1032 1176 1110 1217 has
1133 1176 1252 1225 vidit,
1274 1175 1343 1231 qui
1367 1190 1451 1216 non
1476 1182 1646 1229 cuperet
1670 1190 1804 1228 ,oscu-

108 1235 198 1277 lari.
223 1234 280 1276 Os
303 1250 494 1290 parvum,
518 1235 762 1290 decensque.
794 1235 933 1276 Labia
964 1235 1153 1277 corallini
1178 1236 1343 1288 coloris,
1368 1236 1419 1276 ad
1446 1250 1635 1286 morsum
1668 1237 1806 1290 aptis-

108 1295 225 1337 sima.
257 1295 419 1336 Dentes
443 1294 606 1350 parvuli
629 1295 704 1335 et
694 1310 738 1335 111
761 1294 950 1336 ordinem
973 1295 1114 1350 positi,
1136 1311 1187 1337 ex
1211 1295 1398 1336 cristallo
1433 1293 1707 1337 videbe-nutui
1732 1310 1808 1349 per

109 1368 215 1409 quos
238 1354 423 1395 tremula
450 1354 605 1409 lingva
627 1353 875 1403 discurrens,
918 1369 1004 1395 non
1048 1370 1297 1406 sermonem,
1321 1355 1392 1396 sed
1414 1354 1684 1396 harmoniam
1716 1369 1809 1396 sva-

110 1413 324 1454 vissimam
350 1413 558 1454 movebat.
583 1414 692 1462 Quid
714 1413 847 1455 dicam
871 1414 1003 1455 menti
1027 1415 1222 1468 speciem,
1247 1417 1321 1455 aut
1340 1415 1464 1469 gulae
1488 1414 1738 1455 candorem
1729 1417 1747 1438 ²

250 1471 371 1513 Nihil
402 1472 445 1514 in
471 1473 544 1514 illo
568 1488 744 1527 corpore
766 1487 853 1514 non
891 1473 1112 1515 laudabile.
1120 1474 1152 1529 2)
1186 1473 1402 1515 interioris
1426 1474 1586 1514 folmae
1606 1473 1808 1514 indicium

110 1532 293 1573 faciebat
326 1532 562 1586 exte1·ior.3)
595 1532 731 1573 Nemo
763 1532 873 1574 113110
896 1533 1075 1588 aspexit,
1098 1524 1166 1588 qui
1187 1533 1276 1574 viro
1313 1548 1400 1574 non
1423 1532 1640 1574 invideret.
1674 1532 1809 1573 Erunt

109 1592 282 1647 insuper
317 1591 360 1632 in
382 1606 454 1633 ore
476 1592 566 1633 eius
591 1592 750 1633 multae
772 1592 961 1634 facetiae.
996 1591 1143 1634 Sermo
1176 1593 1212 1634 is
1246 1593 1341 1641 fuit,
1374 1593 1539 1647 qualem
1563 1606 1708 1633 rumor
1731 1602 1809 1643 est,

111 1650 397 1692 ‹J'racchorum
421 1655 602 1693 matrem
635 1647 834 1693 habuisse
867 1651 1117 1706 Corneliam,
1142 1653 1233 1694 sive
1255 1652 1476 1694 Hortensii
1508 1652 1694 1706 filianst)
1721 1651 1810 1692 Nec

111 1710 282 1752 svavius
306 1710 464 1765 aliquid
487 1713 579 1752 eius
603 1711 808 1761 oratione,
831 1726 906 1753 nec
928 1712 1159 1754 modestius
1203 1712 1297 1753 fuit.
1341 1711 1441 1753 Non
1483 1716 1531 1752 ut
1564 1712 1806 1766 pleraeque.

111 1769 224 1812 tristi
247 1769 364 1821 facie,
386 1770 655 1812 honestatem
681 1771 944 1821 ostendebat,
968 1772 1041 1813 sed
1067 1771 1194 1812 alacri
1216 1773 1335 1812 vultu
1359 1771 1617 1813 modestiam.
1634 1771 1730 1811 Non
1754 1770 1810 1810 ti-

113 1829 236 1878 mida,
259 1843 346 1870 non
371 1830 519 1877 audax,
545 1830 628 1883 sed,
653 1834 943 1884 temperatum
964 1831 1239 1872 verecundiae
1274 1836 1402 1884 metu,
1434 1830 1596 1872 virilem
1622 1830 1809 1872 animum

111 1889 152 1929 111
185 1888 367 1930 femineo
400 1890 521 1931 corde
555 1890 742 1944 gerebat.

251 1948 406 1990 Vestes
438 1948 497 1990 illi
519 1948 778 2003 multiplices
802 1952 934 1991 erant.
956 1949 1059 1990 Non
1091 1949 1278 1991 monilia.
1301 1963 1387 1990 non
1409 1949 1577 1998 fibulae,
1602 1963 1688 1990 non
1719 1948 1811 1988 bal-

113 2007 182 2056 tei,
204 2021 289 2047 non
312 2008 504 2050 armillae
538 2009 723 2050 deerant.
748 2008 1011 2050 Redimicula
1043 2008 1193 2063 capitis
1236 2009 1423 2051 mirifica.
1456 2008 1582 2049 Multi
1635 2007 1812 2048 uniones

114 2067 455 2121 adamantesque,
507 2073 601 2109 tum
635 2069 678 2108 in
731 2069 893 2123 digitis,
925 2074 1015 2109 tum
1050 2069 1093 2110 in
1127 2073 1243 2110 serto
1295 2068 1424 2110 fuere.
1458 2068 1556 2109 Non
1601 2066 1812 2108 Helenam

114 2126 397 2179 pulchriorem
419 2126 550 2169 fuisse
584 2127 844 2180 crediderim,
880 2143 962 2183 quo
996 2128 1063 2170 die
1096 2127 1287 2169 Paridem
1312 2128 1354 2169 in
1377 2127 1621 2169 convivium
1664 2126 1812 2167 Mene-

113 2186 206 2226 laus
239 2185 404 2240 excepit
418 2187 465 2240 1⁵)
497 2201 573 2228 1100
606 2187 864 2229 ornatiorem
908 2187 1287 2242 And1·0maohen,⁶)
1321 2202 1416 2229 cum
1448 2186 1578 2228 sacris
1610 2185 1812 2227 Hectoris

115 2244 284 2285 initiata
315 2248 381 2286 est
413 2246 589 2300 nuptiis.

260 2304 384 2345 Inter
398 2306 488 2358 1138,
513 2307 706 2361 (nempe:
730 2309 912 2361 quatuor
943 2307 1184 2361 maritatas)
1201 2309 1245 2347 et
1262 2304 1493 2347 catharina
1510 2305 1706 2347 Petrusia
1720 2303 1815 2355 fuit,

118 2376 222 2417 quae
244 2365 372 2417 paulo
405 2370 506 2418 post
528 2366 638 2407 diem
660 2367 872 2415 defuncta,
894 2366 1119 2408 Caesarem
1144 2366 1189 2406 in
1208 2364 1457 2407 funebribus
1474 2365 1635 2412 habuit,
1670 2363 1741 2419 qui
1774 2367 1817 2403 et

117 2428 267 2463 uatum
289 2422 378 2463 eius
401 2423 561 2475 militia,
582 2428 681 2467 ante
705 2426 977 2480 sepulchrum
1000 2424 1184 2467 donavit.
1208 2424 1399 2480 quamvis
1422 2424 1640 2465 infantem.
1675 2422 1816 2463 Huius

118 2495 283 2536 quoque
316 2482 519 2525 mirabilis
552 2484 712 2525 formae
736 2486 862 2526 decus
886 2485 1103 2538 elucebat,
1135 2484 1309 2526 inferior
1325 2492 1468 2524 tamen
1498 2482 1692 2524 Lucretia
1715 2485 1816 2527 erat.

119 2540 265 2582 Omnis
299 2541 349 2582 de
382 2540 579 2584 Lucretia
611 2559 747 2586 sermo
780 2544 1045 2602 audiebatur.
1077 2543 1198 2584 Hanc
1213 2543 1376 2592 Caesar,
1400 2543 1508 2584 hanc
1532 2542 1816 2584 caetericoin-

119 2599 389 2649 mandabant,
452 2601 821 2658 intuebanturque.
854 2602 1113 2657 Quocunque
1144 2603 1215 2644 illa
1259 2603 1514 2652 vertebatur,
1549 2617 1597 2643 eo
1631 2606 1674 2643 et
1707 2601 1818 2642 oculi

120 2659 407 2714 sequebantur
441 2661 715 2703 adstantium.
749 2662 818 2707 Et.
853 2665 966 2704 sicut
998 2662 1245 2716 Orpheusff)
1267 2677 1372 2703 sono
1407 2662 1604 2710 citharae,
1621 2661 1748 2703 silvas
1774 2664 1818 2700 et

122 2733 225 2760 saxa
257 2733 396 2760 secum
418 2720 558 2760 fertur
579 2721 772 2772 traxisse,
798 2721 856 2762 sic
893 2722 975 2762 ista
997 2721 1193 2763 homines
1217 2736 1306 2771 8110,
1339 2735 1602 2776 quocumque
1636 2720 1816 2771 volebat,

119 2777 283 2819 intuitu
315 2779 507 2820 ducebat.

264 2899 291 2944 ¹)
319 2899 418 2934 Conf.
449 2899 513 2933 Ov.
540 2899 627 2932 Her.
671 2898 766 2933 XVI.
794 2900 874 2934 213.
919 2900 998 2934 214.
1028 2918 1070 2922 -—
1113 2899 1140 2941 ²³)
1168 2898 1232 2934 Ov.
1270 2901 1350 2933 Am.
1379 2897 1405 2934 ἶ.
1432 2901 1476 2941 5;
1505 2900 1560 2934 23.
1588 2919 1631 2923 ——
1658 2898 1686 2941 3)
1714 2896 1818 2932 Conf.

123 2943 188 2979 Ov.
214 2947 292 2980 Am
322 2947 384 2981 HL
412 2947 453 2989 2;
499 2948 555 2981 35.
598 2947 652 2981 363.
701 2967 738 2970 ff
783 2947 811 2987 4)
837 2945 920 2980 Val.
948 2947 1044 2980 Max.
1087 2947 1172 2980 VIII
1210 2949 1254 2989 3;
1284 2948 1315 2982 3.
1359 2946 1484 2989 Quint
1528 2946 1620 2981 inst.
1646 2945 1674 2980 Ι.
1701 2948 1746 2988 6;
1774 2965 1816 2969 -

123 2992 151 3035 ⁵)
177 2991 242 3027 Ov.
270 2993 354 3030 Her.
382 2983 475 3028 XVI.
494 2995 568 3028 127.
584 2993 686 3028 Serz.
704 2994 744 3027 in
765 2993 870 3037 Verq
887 2995 980 3028 Aen
1003 2993 1068 3030 VI.
1095 2997 1152 3029 93.
1180 2996 1228 3029 X.
1254 2997 1312 3028 91.
1411 2995 1438 3038 ⁶)
1466 2992 1530 3030 Ov.
1549 2997 1632 3027 Ars.
1658 2992 1721 3028 111
1738 2973 1818 3027 309.

123 3039 319 3120 1⁷)hSen
355 3041 471 3076 Herc.
499 3041 571 3076 fur.
600 3042 677 3076 571.
707 3051 782 3084 seq.
810 3040 874 3076 Ov.
909 3042 997 3077 Met.
1025 3044 1068 3078 X.
1095 3042 1183 3078 88
1194 3043 1270 3078 145.
1303 3043 1431 3077 Horat
1460 3052 1520 3075 ars
1547 3043 1659 3076 394-
1667 3041 1746 3075 396.
1775 3039 1820 3072 de

159 3097 220 3131 mp
248 3098 342 3122 10110.
