1988 3344
167 187 224 227 40

169 343 331 371 noram.
364 328 571 370 Putabam
604 342 698 384 ego,
751 328 934 371 feminas
987 332 1167 377 vestraS,
1220 331 1332 385 quod
1364 330 1499 373 oculis
1532 335 1786 384 monstrant,
1820 332 1864 374 in

168 388 292 429 corde
326 388 497 439 sentire,
530 387 611 430 Sed
644 388 838 430 inescant
869 388 1064 431 homines
1097 393 1268 432 vestrae
1302 392 1542 441 maritatae,
1586 407 1672 434 non
1704 397 1864 434 amant.

165 446 278 488 Hinc
309 448 512 502 deceptus
545 463 649 489 sum.
683 446 853 490 Credidi
883 463 1066 503 namque
1098 450 1286 491 amatum
1318 464 1384 492 me
1407 449 1626 492 Lucretiae
1648 450 1750 502 fore,
1765 452 1863 493 dum

165 520 231 547 me
263 506 493 549 luminibus
526 507 772 549 intuebatur
804 507 993 561 placidis,
1027 508 1231 563 coepique
1263 513 1412 550 contra
1443 508 1629 564 diligere.
1662 509 1753 552 Nec
1773 514 1862 552 tam

162 565 402 621 elegantem
436 565 651 609 dominam
684 565 858 623 dignam
891 567 1051 623 putavi,
1067 569 1135 609 cui
1150 567 1259 610 vices
1273 583 1359 610 non
1375 569 1650 611 redderentur
1663 569 1859 612 amoris.“

310 625 536 676 „Nondum
568 629 611 667 te
644 641 804 677 noram,
838 627 904 668 vel
936 629 1061 668 tuum
1113 641 1259 683 genus.
1313 627 1478 678 Amavi,
1524 632 1682 683 putans
1714 631 1859 671 amari.

161 683 264 731 Quis
297 684 410 726 enim
442 689 531 726 tam
564 699 716 727 saxeus
750 688 828 737 est,
863 688 937 727 aut
968 686 1141 737 ferreus,
1174 686 1246 742 qui
1278 701 1365 729 non
1397 691 1511 729 amet
1543 692 1742 732 amatus?
1779 688 1863 732 Sed

161 746 391 798 postquam
425 744 594 786 fraudes
627 744 737 797 novi,
770 759 920 800 meque
953 746 1059 788 dolis
1091 746 1316 796 irretitum,
1349 761 1400 788 ne
1433 761 1554 789 meus
1579 747 1732 790 sterilis
1749 752 1863 790 esset

161 816 306 844 amor:
341 802 458 845 nisus
492 818 587 846 sum
641 803 837 847 omnibus
892 804 1069 859 artibus,
1122 805 1238 847 illam
1290 804 1520 857 incendere,
1575 812 1625 850 ut
1658 822 1735 862 par
1767 808 1862 864 pari

162 861 426 904 referretmfl
438 864 469 911 Γ)

306 922 491 975 „Ardere
524 937 715 978 namque,
749 922 938 978 nihilque
970 938 1103 975 urere,
1135 926 1228 965 tum
1261 924 1392 966 rubor
1424 928 1528 976 erat,
1551 929 1645 968 tum
1667 925 1861 982 auxietas

161 980 304 1031 animi,
338 997 445 1037 quae
476 997 554 1032 me,
589 982 656 1024 die
690 987 915 1038 noctuque,
950 985 1110 1025 mirum
1141 983 1186 1025 in
1217 984 1391 1026 modum
1422 984 1641 1026 cruciabat
1662 988 1706 1027 et
1744 999 1860 1027 eram

159 1041 262 1082 adeo
297 1041 524 1092 introrsus,
558 1046 606 1083 ut
638 1043 781 1098 egredi
835 1043 954 1084 nullo
1006 1045 1131 1097 pacto
1164 1044 1362 1085 valerem.
1395 1043 1581 1086 Factum
1614 1047 1678 1086 est
1710 1044 1859 1099 igitur,

162 1102 221 1149 ut,
254 1115 320 1142 me
352 1100 646 1150 continuante,
698 1117 775 1156 par
809 1103 863 1144 sit
896 1117 1015 1143 amor
1069 1103 1301 1146 amborum.
1347 1102 1428 1144 Illa
1459 1103 1635 1145 incensa
1666 1107 1744 1149 est,
1777 1117 1858 1159 ego

157 1159 309 1213 arde03
342 1160 467 1201 ambo
490 1161 701 1217 perimus3
725 1176 802 1203 nec
824 1162 1053 1204 remedium
1068 1163 1346 1218 protelandae
1361 1162 1478 1205 vitae
1492 1163 1684 1205 videmus
1712 1163 1857 1214 ullum,

158 1217 240 1260 nisi
273 1221 337 1260 tu-
357 1219 414 1262 sis
447 1220 729 1263 adiumento.“

305 1277 408 1330 „Vir
441 1294 532 1321 eam
564 1280 756 1322 custodit
788 1283 829 1323 et
860 1280 1046 1333 fraterfl)
1078 1280 1179 1322 Non
1210 1283 1299 1323 tam
1333 1281 1468 1323 vellus
1492 1295 1666 1323 aureum
1679 1280 1860 1336 pervigil

157 1336 323 1391 draco³)
357 1340 564 1390 servabat,
598 1354 674 1381 nec
706 1341 872 1382 aditum
905 1340 1003 1383 Orci
1036 1339 1290 1396 Cerbems,⁴)
1323 1355 1449 1396 quam
1498 1341 1583 1382 ista
1629 1340 1861 1396 diligenter

156 1397 401 1444 recluditur,
434 1398 548 1441 Novi
581 1413 661 1455 ego
694 1399 897 1443 familiam
931 1403 1129 1441 vestram.
1163 1399 1270 1448 Scio,
1304 1402 1404 1456 quia
1432 1399 1594 1442 nobiles
1622 1400 1724 1442 estis
1746 1400 1858 1442 inter

156 1455 363 1510 primores
397 1458 523 1504 urbis.
556 1457 723 1509 divites,
756 1462 967 1515 potentes,
993 1459 1173 1514 amatifi)
1199 1458 1373 1501 Vtinam
1395 1474 1628 1514 numquam
1649 1459 1857 1502 novissem

157 1515 266 1557 hanc
297 1516 524 1560 feminam!
559 1517 639 1560 Sed
672 1518 766 1573 quis
813 1522 889 1569 est,
939 1519 1009 1574 qui
1042 1519 1176 1573 possit
1219 1519 1416 1561 resistere
1448 1519 1583 1562 fatis?
1615 1518 1716 1561 Non
1747 1519 1857 1576 elegi

155 1576 275 1630 hanc,
309 1578 380 1618 sed
413 1591 533 1618 casus
567 1577 682 1620 dedit
713 1579 971 1620 amandam.“

303 1634 396 1687 „Sic
427 1651 493 1678 res
517 1651 561 1678 se
585 1637 726 1679 habet.
761 1639 918 1680 Tectus
933 1641 999 1680 est
1013 1639 1150 1679 adhuc
1164 1638 1404 1693 amorgsed,
1420 1637 1499 1679 nisi
1520 1638 1627 1680 bene
1658 1641 1857 1693 regatur:

155 1709 359 1750 magnum
382 1696 531 1747 adhuc,
556 1698 668 1750 quod
691 1696 845 1753 Superi
868 1701 1080 1751 avertant,
1113 1699 1270 1739 malum
1302 1699 1455 1752 pariet.
1488 1697 1664 1739 Possem
1687 1711 1766 1753 ego
1791 1712 1857 1738 me

154 1754 353 1795 fortassis
387 1770 666 1810 compescere,
701 1759 738 1798 si
771 1757 873 1799 hinc
916 1757 1109 1813 abirem3
1143 1758 1271 1811 quod,
1319 1771 1578 1812 quamquam
1611 1756 1715 1798 mibi
1746 1760 1857 1798 esset

154 1813 478 1868 gravissimum:
512 1816 697 1858 facerem
729 1820 886 1867 tamen,
910 1820 1078 1858 vestrae
1111 1817 1299 1858 familiae
1323 1816 1474 1871 gratia,
1501 1815 1536 1858 si
1558 1816 1639 1858 hoc
1661 1818 1856 1870 putarem

155 1887 205 1912 ex
229 1888 309 1914 usu
328 1873 430 1916 fore.
465 1874 546 1917 Sed
570 1890 700 1917 nosco
724 1876 838 1918 illius
861 1876 1062 1922 furorem.
1085 1876 1177 1918 Aut
1199 1891 1266 1917 me
1288 1881 1549 1930 sequeretur,
1573 1879 1647 1917 aut
1688 1890 1856 1917 manere

154 1937 315 1989 coacta,
360 1936 542 1976 mortem
575 1935 655 1977 sibi
688 1936 1016 1991 conscisceret,⁶)
1041 1936 1152 1990 quod
1175 1938 1287 1977 esset
1309 1935 1453 1977 domui
1477 1938 1644 1977 vestrae
1677 1935 1854 1976 dedecus

153 1995 419 2047 perpetuum.

301 2052 448 2105 „Quod
481 2052 616 2108 igitur
645 2056 688 2095 te
722 2055 930 2104 volebam,
964 2058 1092 2109 teque
1125 2055 1341 2103 vocabam,
1373 2056 1511 2097 vestri
1544 2067 1668 2094 causa
1700 2055 1778 2103 est,
1806 2057 1855 2095 ut

155 2110 371 2154 obviemus
404 2113 470 2154 his
503 2113 637 2155 malis.
670 2113 761 2155 Nec
795 2114 878 2155 alia
911 2114 977 2155 via
1009 2119 1086 2163 est,
1119 2113 1202 2156 nisi
1235 2117 1282 2154 ut
1314 2113 1469 2155 amoris
1500 2112 1638 2154 nostri
1663 2112 1855 2168 aurigam

152 2173 197 2211 te
219 2171 434 2225 praebeas,
469 2185 684 2226 curesque,
717 2177 766 2213 ut
800 2173 906 2214 bene
959 2173 1250 2215 dissimulatus
1296 2172 1409 2226 ignis
1442 2187 1525 2215 non
1557 2173 1634 2213 fiat
1666 2175 1852 2226 apertus.

155 2228 250 2285 Ego
283 2246 350 2272 me
382 2231 462 2272 tibi
486 2233 748 2282 commendo,
782 2233 846 2283 do,
889 2233 1086 2275 devoveo.
1141 2232 1380 2287 Obsequere
1412 2234 1564 2274 nostro
1597 2231 1755 2286 furori3
1789 2245 1853 2280 ne,

153 2289 252 2330 dum
286 2294 575 2346 oppugnatur,
608 2291 746 2348 magis
781 2291 1045 2334 incendatur.
1077 2291 1203 2341 Cura,
1235 2299 1285 2334 ut
1317 2291 1448 2333 semel
1499 2291 1726 2333 convenire
1758 2304 1853 2344 pos-

153 2348 296 2399 simus,
344 2366 426 2406 quo
471 2351 585 2392 facto
622 2366 720 2392 mox
753 2351 1050 2393 humiliabitur
1082 2366 1213 2402 amor,
1246 2350 1611 2405 tollerabiliorque
1643 2350 1854 2392 reddetur.

154 2407 261 2449 Tute
295 2409 376 2451 scis
411 2410 552 2451 aditus
586 2411 761 2453 domus:
796 2410 889 2460 scis,
923 2412 1091 2465 quando
1123 2410 1186 2452 vir
1218 2412 1362 2452 abest:
1411 2409 1504 2460 scis,
1537 2411 1752 2464 quomodo
1786 2423 1852 2450 me

153 2469 293 2510 valeas
325 2467 634 2514 int1·oducere.“

301 2527 476 2579 „Frater
509 2528 587 2570 viri
619 2529 903 2571 advertendus
936 2533 1014 2579 est,
1048 2529 1120 2584 qui
1154 2531 1219 2571 est
1251 2530 1303 2571 ad
1346 2529 1422 2570 has
1455 2543 1522 2570 res
1558 2527 1736 2570 nimium
1758 2541 1852 2581 per-

153 2586 310 2640 spicax,
347 2587 686 2642 Lucretiamque,
721 2615 774 2619 —-
809 2591 1026 2643 tamquam
1057 2590 1193 2629 10011111
1227 2587 1418 2644 germani
1452 2590 1852 2642 teneat,—magna

152 2660 254 2687 cura
286 2648 490 2700 custodit,
524 2647 775 2702 inversaque
809 2648 1034 2689 Lucretiae
1066 2649 1204 2698 verba,
1227 2662 1397 2690 eversas
1421 2645 1610 2697 cervices,
1653 2647 1852 2702 gemitus,

153 2709 357 2756 screatus,
392 2705 560 2757 tussim,
594 2706 744 2760 risus7)
779 2709 946 2748 attente
995 2707 1248 2750 considerat.
1284 2706 1409 2748 Hunc
1441 2706 1607 2748 eludere
1640 2706 1852 2747 sententia

151 2770 242 2819 est3
275 2780 351 2806 nec
384 2768 476 2807 sine
509 2769 552 2807 te
584 2766 674 2807 fieri
708 2766 888 2820 potest.“

296 2884 325 2929 1)
348 2883 502 2918 Hieron.
529 2883 686 2919 Asellae.
714 2883 834 2928 Epist.
856 2885 912 2919 99.
956 2885 1070 2929 (oper.
1098 2886 1125 2919 t.
1151 2884 1197 2920 H.
1225 2896 1260 2929 p.
1300 2883 1381 2918 244.
1409 2882 1462 2927 C.)
1491 2903 1532 2907 ——
1560 2882 1641 2916 Ter.
1668 2881 1762 2917 Eun.
1789 2881 1850 2918 ΠΙ.

153 2931 169 2963 1
192 2943 200 2975 ;
228 2932 284 2965 55.
318 2953 353 2957 -—
382 2932 411 2974 2)
439 2931 538 2966 Conf.
566 2931 630 2966 Ov.
657 2932 740 2966 Am.
767 2931 811 2967 ΙΙ.
841 2933 906 2974 12;
936 2933 968 2967 3.
993 2935 1026 2967 4.
1055 2952 1098 2957 —-
1125 2932 1154 2973 ³)
1180 2931 1244 2966 Ov.
1271 2931 1357 2966 Met.
1382 2930 1461 2966 VH.
1478 2931 1556 2966 149.
1569 2929 1655 2964 Her.
1671 2929 1755 2965 XII.
1772 2929 1851 2966 101.

152 2999 195 3003 —
222 2978 251 3023 4)
278 2978 340 3013 Ov.
368 2978 462 3014 Her.
488 2978 549 3013 IX.
576 2979 634 3014 93.
662 2980 719 3014 94.
748 3000 790 3006 —-
819 2980 845 3019 ⁵)
874 2980 956 3015 Ter.
995 2977 1098 3014 Adel.
1113 2979 1174 3014 m.
1201 2981 1245 3021 45
1274 2979 1329 3013 56.
1356 2979 1414 3017 57,
1454 2997 1496 3003 —
1524 2978 1669 3029 ⁶)taut:
1698 2988 1850 3023 „manus

152 3025 224 3059 sibi
248 3026 406 3061 inferret
427 3029 441 3045 “
470 3026 730 3070 Manuscripta
746 3028 784 3060 et
803 3026 986 3061 editiones
1000 3027 1158 3061 habent:
1188 3036 1341 3071 „manus
1355 3025 1427 3060 sibi
1446 3027 1639 3066 consciret,
1658 3045 1700 3050 —
1714 3032 1850 3071 (conse-

151 3073 299 3118 1·eret).“
327 3094 369 3098 —
398 3074 426 3119 7)
453 3074 535 3109 Ter.
564 3073 697 3108 Heaut.
723 3073 766 3108 Π.
796 3075 838 3118 3;
869 3076 946 3111 131.
976 3074 1052 3109 132.
1080 3076 1127 3119 (v.
1156 3073 1250 3118 372.)
