2007 3242
242 339 300 381 vl
332 393 340 405 ι

826 482 1230 537 IntroductiO.

385 625 622 678 Alphredus
635 625 862 678 Meissnem
883 626 1109 668 memoriae
1133 626 1398 679 immortaliS,
1421 625 1531 668 inter
1554 625 1809 669 Germaniae-

245 684 437 739 gentium
491 688 639 738 poetas
693 685 1084 738 excellentissimos,
1137 686 1248 727 haud
1300 685 1484 735 ultimus,
1529 686 1795 787 annobl‘ffl

245 743 544 785 bibliothecam
597 743 785 789 civitatis
841 745 998 800 Turiyi
1050 746 1359 799 perlustrando.
1412 747 1572 799 reperit
1623 745 1652 786 li
1685 760 1777 787 rum
1793 758 1809 786 :⁴

249 804 440 858 „Aeneae
495 804 647 859 Sylvii,
702 806 750 847 de
801 804 957 847 duobus
1011 806 1254 847 amantibus
1298 806 1519 857 historiast
1559 820 1682 860 quem
1713 808 1802 846 tam

244 864 477 905 ineundum
510 866 689 920 legendo
724 863 899 915 invenit,
931 867 981 904 ut
1033 879 1126 905 eum
1159 867 1349 905 tractatu
1382 864 1562 918 dignum
1594 864 1803 913 habuerit,

247 938 371 976 quem
434 927 477 964 et
539 924 581 966 in
646 926 751 966 actis
826 922 986 964 diurnis
1043 923 1257 976 „Presse‚“
1325 922 1617 974 Vindobonae‚
1692 926 1802 965 iuris

245 984 403 1037 publici
434 983 544 1025 fecit.

389 1044 478 1084 Iam
512 1048 612 1085 tunc
645 1041 848 1099 temporis
880 1057 947 1083 me
979 1044 1191 1084 tractatus
1223 1041 1290 1083 hic
1318 1055 1576 1097 magnopere
1609 1041 1806 1083 incitavit

248 1104 299 1144 ad
331 1103 629 1157 perlegendam
660 1104 774 1145 hanc
817 1101 1052 1143 historiam.
1098 1101 1179 1143 Sed
1234 1102 1374 1156 plures
1419 1101 1649 1143 incidentes
1684 1115 1805 1142 casus

249 1162 399 1204 mortis
454 1166 495 1204 et
547 1163 630 1204 alia
683 1163 722 1204 in
777 1161 984 1204 familiam
1038 1175 1174 1202 meam
1220 1161 1461 1216 affligentia
1492 1162 1576 1202 tela
1606 1162 1804 1202 fortunae

248 1222 459 1271 sinistrae,
493 1237 570 1264 nec
603 1237 688 1263 non
739 1221 1057 1277 persecutiones
1110 1235 1195 1261 non
1241 1219 1499 1275 promeritae
1532 1220 1804 1275 desupernae,

249 1282 438 1337 quietem
471 1281 602 1323 animi
633 1281 713 1323 mei
747 1283 790 1323 in
842 1283 1010 1321 tantum
1068 1280 1324 1330 exstinxere,
1356 1284 1405 1321 ut
1438 1279 1616 1321 desertis
1648 1279 1806 1320 laribus

249 1340 452 1396 paternis,
505 1340 645 1382 focum
698 1341 803 1383 mihi
857 1339 1114 1382 condiderim
1168 1354 1338 1388 novum,
1370 1340 1519 1394 procul
1552 1339 1603 1380 ab
1637 1337 1803 1380 ossibus

249 1405 488 1455 parentum,
521 1401 781 1455 duarumque
814 1414 1009 1442 uxorum.
1044 1398 1126 1440 Hic
1159 1398 1304 1440 Budae
1338 1398 1515 1453 deniqne
1543 1398 1807 1452 aliquantum

250 1460 437 1502 animum
482 1474 622 1501 meum
675 1459 838 1514 collegi.
892 1458 1088 1501 Fortuito
1122 1473 1220 1500 casu
1252 1458 1406 1500 iterum
1438 1459 1489 1498 ad
1520 1472 1670 1499 manus
1703 1457 1807 1498 mihi

249 1519 368 1561 venit
422 1518 644 1561 Meissneri
697 1522 907 1561 tractatus
963 1521 1006 1561 et
1058 1520 1251 1559 recenter
1282 1532 1349 1559 me
1381 1518 1547 1567 allexit,
1581 1516 1806 1558 historiam

250 1580 359 1621 hanc
392 1582 439 1620 ut
472 1579 671 1632 legerem.
702 1578 882 1620 Diutine
935 1593 1039 1628 eam,
1092 1576 1217 1619 variis
1249 1576 1557 1632 curationibus,
1591 1575 1809 1630 quaesivh

251 1639 422 1680 tandem
455 1638 594 1693 pretio
626 1653 783 1694 magno
815 1637 1039 1680 historiam
1071 1637 1181 1678 hanc
1213 1638 1393 1690 adeptus
1440 1651 1533 1677 sum
1565 1635 1819 1683 Monachio‚.

251 1713 276 1739 a>
305 1697 482 1740 librario
534 1698 744 1741 Luclovieo
798 1697 1039 1751 RoseozthaZ,
1085 1697 1204 1738 cuius
1236 1696 1454 1737 tabemam
1486 1695 1712 1745 librariam,
1745 1694 1811 1736 cui

252 1772 364 1798 nunc
396 1757 577 1798 Iacobus
602 1753 844 1798 Rosenthal'
854 1760 1035 1811 praeest.
1059 1756 1266 1805 omnibus,
1281 1755 1353 1810 qui
1377 1754 1495 1796 libris
1513 1757 1810 1803 immorantur,

253 1832 409 1871 quosve
442 1831 654 1858 summum
698 1817 907 1858 librorum
939 1816 1127 1858 studium
1171 1818 1300 1868 tenet,
1358 1814 1515 1868 optime
1549 1815 1809 1856 commendo.

395 1876 476 1917 Est
508 1875 612 1917 liber
643 1875 711 1918 hic
744 1876 803 1917 sic
835 1875 995 1918 dictum
1047 1875 1371 1926 incumabfflum,
1411 1873 1594 1927 triginta
1625 1879 1810 1928 quatuor

253 1935 449 1977 foliorum
483 1949 567 1976 non
600 1934 882 1991 signatorum,
914 1934 1073 1989 viginti
1125 1937 1286 1989 septem
1315 1948 1525 1982 versuum,
1558 1933 1600 1974 in
1631 1935 1810 1974 formam

255 1997 429 2049 quartae
464 1995 672 2040 redactus,
706 1994 795 2036 sine
827 1996 918 2036 loco
950 2009 1027 2036 nec
1060 2009 1182 2044 anno,
1216 1993 1302 2035 sine
1319 1992 1553 2048 signaturis
1568 2006 1644 2034 nec
1667 1997 1811 2033 custo-

255 2054 392 2096 dibus.
426 2053 612 2095 Litterae
664 2054 853 2096 initiales
905 2053 1037 2095 minio
1089 2052 1329 2107 inscriptae,
1381 2051 1637 2093 maiusculae
1670 2055 1810 2092 autem

255 2113 387 2155 minio
419 2112 588 2154 tinctae.
624 2113 749 2168 (Vide
783 2113 927 2155 Hainii
958 2116 1110 2167 repert.
1142 2113 1219 2154 sub
1252 2126 1429 2153 numero
1463 2112 1579 2153 215.»

398 2171 479 2221 Qui
512 2172 767 2214 incunabula
799 2172 920 2229 legit,
952 2172 1043 2220 scit,
1076 2174 1263 2227 quantae
1291 2174 1517 2213 occurrunt
1539 2170 1812 2212 difficultates

257 2230 296 2272 in
331 2231 647 2285 investigandis
681 2235 723 2274 et
754 2231 1058 2286 persequendis
1111 2231 1222 2273 notis
1268 2230 1512 2277 contractis,
1546 2230 1630 2271 sive
1665 2228 1812 2270 abbre-

256 2289 397 2333 viatis.
432 2290 550 2340 Mihi,
582 2291 654 2346 qui
686 2306 770 2334 non
791 2306 883 2335 sum
897 2292 1140 2347 philologus
1162 2291 1418 2343 theoreticus,
1437 2290 1508 2333 sed
1516 2289 1820 2343 plzilolatinus,

257 2349 308 2390 ab
341 2349 463 2392 initio
496 2349 562 2392 his
615 2350 935 2392 difficultatibus
989 2350 1327 2392 contendendum
1381 2352 1498 2403 erat;
1556 2349 1639 2398 sed,
1672 2351 1813 2389 mente

258 2423 357 2450 sana
390 2413 433 2450 et
465 2409 686 2464 patientia,
719 2410 861 2451 omnia
892 2409 1063 2460 removi,
1096 2424 1202 2463 quae
1235 2408 1473 2450 obstabant.
1498 2433 1554 2438 ——
1587 2406 1812 2460 Descripsi.

259 2494 314 2498 —
347 2467 463 2510 Hinc
495 2468 591 2510 inde
626 2468 916 2519 animadverti,
953 2469 1110 2522 *deesse
1156 2467 1316 2523 aliquid
1348 2468 1391 2509 in
1435 2471 1640 2509 contextu
1671 2480 1813 2508 rerum

259 2542 306 2568 ac
337 2527 575 2569 verborum.
639 2529 688 2570 In
741 2531 947 2582 quantum
1009 2528 1213 2583 possibile
1276 2531 1376 2576 erat,
1424 2542 1498 2581 per
1531 2525 1813 2568 coniecturam

260 2586 456 2640 explevi:
491 2601 652 2629 errores
684 2587 777 2641 typi
807 2587 1148 2637 innumerabiles,
1192 2586 1364 2628 nomina
1415 2585 1589 2642 propria
1633 2585 1814 2634 detorsa,

259 2645 376 2686 locos
410 2646 461 2686 ad
493 2645 818 2702 intelligendum
851 2661 938 2688 non
971 2649 1153 2701 apertos,
1186 2646 1420 2700 permultos
1452 2644 1599 2699 reperi.

403 2715 468 2757 De
502 2715 567 2757 die
599 2716 641 2758 in
675 2716 784 2758 diem
817 2716 954 2772 magis
1009 2716 1136 2767 sensi,
1189 2716 1291 2758 mihi
1344 2717 1480 2771 altera
1524 2718 1671 2770 utique
1705 2731 1812 2770 opus

260 2788 351 2816 esse
385 2774 582 2817 edItione.
617 2775 778 2831 Scripsi
811 2791 913 2830 ergo
946 2776 1164 2831 Turigum,
1198 2776 1267 2817 ubi
1310 2775 1520 2818 Meissner
1552 2776 1825 2829 opusculu1n‚.
