1988 3344
190 185 242 224 72

330 324 430 379 Pag.
469 323 520 364 18
554 339 588 366 v.
627 324 666 371 1)
699 326 904 378 quantum
936 322 1166 377 periculum
1198 322 1276 368 Va.
1306 327 1370 365 est
1402 323 1492 378 (sit)
1524 323 1558 367 Ι.
1586 323 1690 367 1.-
1715 323 1760 377 2)
1782 323 1898 366 subi-

186 394 295 436 ciam
327 393 406 435 Vb.
439 394 699 436 solidiatores
732 394 791 435 Be
825 419 881 425 —-
917 395 961 448 4)
989 382 1092 444 ἓξὲξ,
1108 393 1151 437 C.
1185 395 1299 436 deest
1332 395 1376 436 in
1400 394 1476 436 Va.
1496 393 1775 436 interminum
1789 394 1827 438 Ι.
1846 396 1893 449 1;

186 454 229 495 in
265 453 493 495 terminum
531 454 554 494 1.
592 456 640 504 2;
674 452 863 494 insaniat
895 451 973 495 Va.
1019 453 1191 495 muliere
1235 453 1294 495 Be
1329 479 1381 483 —
1417 454 1461 503 6)
1494 453 1687 508 inceptus
1719 452 1796 495 Va.
1829 468 1896 495 re-

185 517 306 567 cepta
338 513 409 559 Be.
441 512 554 568 ignia
593 512 646 554 Be
680 538 735 542 —
770 514 813 565 7)
846 512 903 554 sic
936 514 1008 568 (si)
1041 512 1122 554 Vb.
1153 513 1334 555 amantis
1367 513 1437 559 ΒΥ,
1472 512 1633 554 amanti
1656 512 1734 556 Va.
1753 527 1895 554 amare

185 572 215 613 C
249 586 324 613 nos
356 574 472 626 (quo)
507 571 576 612 Be.
610 586 671 620 eo,
705 572 821 614 deest
854 571 898 613 in
938 571 999 612 Va
1030 571 1069 621 b,
1103 571 1174 613 Be.
1209 572 1238 612 C
1273 598 1324 602 —
1361 573 1405 625 8)
1438 573 1536 614 dum
1573 571 1634 613 Va
1656 571 1693 621 b,
1719 571 1790 614 Be.
1805 572 1837 613 Ι.
1859 573 1894 621 1,

186 630 238 671 H.
264 635 408 673 nostro
442 631 512 673 ΒΥ.
547 630 784 673 satisfaciat
818 631 875 672 Be
913 657 960 661 —
999 632 1041 684 9)
1075 631 1200 685 nupti
1235 630 1313 673 Va.
1348 631 1480 681 diviti,
1514 632 1630 674 deest
1652 630 1697 672 in
1729 629 1796 672 Vb
1825 631 1896 673 Be.

185 689 225 730 C.
262 694 398 732 vestro
432 690 578 744 (viam)
614 689 690 731 Va.
723 694 866 732 nostro
906 689 968 731 Vb
1003 716 1055 720 ——
1095 690 1165 738 10)
1197 691 1463 744 praecludere
1510 690 1562 732 H.
1594 694 1714 745 potes
1747 689 1813 732 Va
1844 690 1895 745 b;

187 750 327 791 adesse
359 748 424 790 Va
458 774 514 779 ——
550 749 621 803 11)
654 750 752 791 redo
797 764 921 803 opera
966 748 1096 803 philis
1142 748 1220 799 Va,
1265 750 1492 805 roddopeia
1536 749 1665 804 philis
1704 747 1775 799 Vb,
1808 750 1895 792 rod.

185 807 311 849 Villis
346 808 416 850 Be.
450 809 557 850 alter
590 808 620 849 Ι.
660 809 677 848 1
717 810 768 860 2;
803 809 948 862 Zapho
994 808 1072 853 Vb,
1119 808 1259 863 Sapho
1293 809 1325 850 I.
1358 809 1389 852 I.
1428 812 1444 850 1
1483 811 1520 850 2.
1555 835 1606 839 —
1645 809 1715 864 12)
1748 823 1896 863 poscas

187 868 260 918 Be,
294 868 335 910 C.
370 882 593 921 conpescas
627 866 687 908 Be
723 892 774 897 —
815 870 884 915 13)
931 867 1032 910 11111(1
1079 868 1136 909 Β6
1171 893 1224 898 —
1265 868 1335 922 14)
1370 883 1445 910 1166
1477 868 1511 910 si
1546 868 1714 910 medicis
1758 875 1813 909 »a
1845 868 1896 921 b3

189 942 302 969 ames
335 927 376 976 C,
410 927 512 982 quid
548 928 616 968 Β6.
659 930 723 968 est
757 927 818 968 sic
854 927 946 981 (sit)
981 926 1041 968 ΒΥ
1074 952 1131 957 -—
1167 928 1238 981 15)
1271 942 1376 982 quae
1407 928 1508 970 licet
1537 927 1596 969 Be
1630 953 1685 958 —
1721 928 1773 969 16
1808 927 1894 969 vale

186 990 311 1041 atque
346 987 503 1028 iterum
535 986 622 1027 vale
656 985 714 1027 Be
739 1012 790 1016 ——
817 988 887 1033 17)
920 989 978 1036 ut,
1013 988 1127 1028 deest
1160 986 1204 1028 in
1238 985 1305 1029 Vb
1339 986 1896 1041 —inter18—19)Eury-

188 1046 278 1087 alus
310 1046 381 1087 hic
414 1046 638 1100 respondet
684 1045 857 1087 obiectis
904 1045 985 1098 Be;
1031 1045 1225 1100 Epistala
1274 1046 1446 1101 Euryali
1478 1047 1531 1088 ad
1562 1045 1804 1088 Lucretiam
1839 1046 1895 1087 ΒΥ

185 1130 241 1135 —-
281 1105 348 1159 19)
382 1104 500 1147 Salve
536 1105 652 1147 Lucr.
687 1104 805 1147 Salve
839 1105 981 1146 anima
1014 1105 1071 1146 mi
1095 1105 1146 1147 L.
1179 1105 1258 1156 Vb,
1291 1105 1399 1148 salve
1423 1106 1503 1150 ani.
1518 1120 1609 1147 mea
1624 1105 1674 1146 L.
1695 1105 1765 1148 Be.
1784 1105 1892 1147 salve

185 1165 241 1205 mi
274 1165 319 1206 L.
352 1163 384 1204 Ι.
424 1164 471 1216 1;
503 1163 614 1206 salve
646 1164 784 1206 anime
807 1164 864 1206 mi
899 1164 941 1205 L.
976 1164 1004 1205 Ι.
1040 1166 1077 1214 2,
1112 1164 1166 1206 H.
1199 1165 1268 1206 ΒΥ.
1302 1165 1479 1207 salutem
1512 1164 1710 1221 (salvum)
1744 1164 1812 1207 Vb
1838 1190 1890 1194 -—

186 1225 259 1269 20)
292 1223 438 1265 adiuto
471 1222 650 1278 (audito)
690 1222 752 1265 Vb
786 1249 838 1253 —
875 1224 949 1273 21)
983 1224 1160 1279 dignata
1192 1223 1259 1265 Va
1290 1249 1345 1254 —-
1379 1225 1453 1278 22)
1486 1228 1527 1266 et
1559 1224 1724 1278 saepius
1757 1223 1836 1265 Vb.
1852 1227 1894 1266 et

184 1298 306 1338 saepe
339 1282 383 1325 C.
417 1286 468 1333 et,
503 1283 617 1325 deest
650 1282 694 1324 in
717 1281 809 1335 ng
843 1283 1019 1337 saepius,
1066 1284 1180 1325 deest
1224 1284 1267 1325 in
1301 1283 1366 1324 Va
1409 1285 1448 1334 b,
1482 1283 1522 1324 C.
1556 1284 1667 1333 haec,
1701 1284 1816 1325 deest
1849 1283 1893 1324 in

185 1342 250 1384 Va
285 1368 336 1372 —
374 1343 447 1396 23)
481 1342 591 1396 quod
634 1345 731 1384 tuus
776 1342 970 1384 videatur
1016 1342 1072 1383 ΒΥ
1105 1368 1160 1373 -
1195 1344 1268 1396 24)
1300 1343 1499 1397 expendit
1530 1342 1575 1384 Η
1609 1369 1662 1373 —-
1698 1343 1772 1396 25)
1802 1345 1894 1384 tum

185 1401 261 1444 Va.
294 1406 436 1444 tamen
470 1400 537 1442 Vb
570 1426 626 1431 —
660 1402 734 1455 26)
767 1401 1009 1456 occulteque
1047 1402 1110 1443 Vb
1145 1428 1196 1432 —
1233 1402 1307 1456 27)
1339 1418 1467 1457 quum
1511 1403 1714 1458 (quando)
1752 1403 1806 1443 ΒΥ
1838 1426 1894 1432 -—

187 1463 259 1509 29)
292 1461 539 1502 imminuere
572 1460 658 1513 Be,
692 1462 909 1502 ostendere
946 1461 1023 1502 Vb.
1058 1461 1101 1503 C.
1135 1461 1177 1503 H
1215 1488 1260 1491 >—
1300 1462 1375 1513 30)
1410 1462 1510 1504 haec
1543 1462 1630 1514 Be;
1669 1465 1743 1511 est,
1779 1462 1893 1503 deest

184 1521 231 1562 in
260 1523 289 1563 Ι.
324 1522 361 1562 2.
387 1547 441 1550 -
467 1520 539 1573 32)
561 1520 786 1575 vidensque
810 1519 878 1562 Vb
902 1546 957 1550 --
982 1521 1056 1574 33)
1079 1535 1174 1569 esse,
1213 1521 1330 1562 deest
1353 1521 1399 1562 in
1423 1521 1501 1563 Vb.
1525 1525 1668 1563 tamen
1691 1522 1893 1576 (tantum)

184 1580 249 1621 Va
275 1605 324 1610 —
352 1580 425 1633 34)
450 1579 672 1621 deveniant
697 1579 747 1629 H,
770 1580 945 1621 redeant
978 1595 1026 1621 ac
1069 1580 1239 1622 veniant
1273 1580 1350 1621 Vb.
1386 1584 1510 1635 atque
1555 1581 1586 1624 I.
1614 1582 1632 1621 1
1660 1581 1696 1622 2.
1731 1604 1783 1610 —
1820 1580 1894 1633 35)

183 1655 278 1681 suos
293 1639 333 1680 C.
358 1638 434 1680 Va.
455 1642 652 1692 repotent
675 1638 741 1679 Va
764 1640 801 1680 b.
823 1646 922 1681 tam.
944 1640 1059 1681 deest
1073 1640 1118 1680 in
1141 1638 1219 1681 Va.
1241 1655 1410 1694 possum
1433 1643 1475 1681 te
1500 1639 1566 1682 Vb
1591 1665 1647 1670 —
1670 1639 1744 1694 36)
1766 1639 1894 1680 relin-

184 1713 319 1754 quere,
344 1699 460 1740 deest
484 1698 527 1739 in
557 1697 626 1739 Va.
650 1698 832 1740 nubibus
861 1698 927 1740 Va
964 1698 1022 1740 Be
1056 1723 1110 1728 -—
1136 1700 1210 1753 37)
1242 1699 1342 1740 sicie
1378 1700 1446 1740 Be.
1479 1698 1509 1740 Ι.
1532 1700 1551 1739 1
1579 1701 1616 1740 2.
1651 1698 1783 1741 sichie
1814 1697 1892 1744 Vb,

186 1757 351 1812 Siccipe
383 1757 463 1807 Va,
487 1757 678 1799 sitientes
700 1758 758 1799 ΒΥ
782 1783 833 1787 ——
862 1759 934 1812 38)
956 1758 1030 1807 tui,
1066 1759 1178 1800 deest
1201 1758 1245 1800 iu
1268 1757 1333 1800 Va
1353 1759 1380 1800 b
1408 1784 1455 1788 —
1484 1759 1558 1807 39)
1580 1758 1755 1813 promiis
1779 1759 1893 1813 (pro—

184 1819 301 1864 num)
325 1816 389 1858 Va
415 1841 467 1847 -—
494 1818 549 1858 40
572 1820 619 1858 tu
641 1818 765 1859 modo
788 1816 856 1859 Vb
893 1843 944 1848 -
982 1818 1056 1866 41)
1093 1818 1184 1859 volo
1215 1818 1296 1860 Vb.
1332 1819 1423 1859 volo
1447 1818 1548 1859 haec
1571 1817 1800 1859 certamina
1824 1817 1893 1858 Be.

184 1892 306 1926 nunc,
331 1877 444 1918 deest
466 1876 509 1917 in
532 1875 574 1919 C.
598 1875 652 1918 Η.
690 1877 813 1918 modo
852 1876 919 1921 ΒΥ.
942 1877 1117 1932 aggredi
1152 1878 1182 1920 l.
1221 1881 1237 1918 1
1276 1879 1313 1923 2,
1348 1904 1402 1908 ——
1436 1878 1509 1932 42)
1541 1877 1666 1921 enim,
1700 1878 1814 1919 deest
1848 1878 1893 1918 in

183 1936 226 1978 C.
258 1940 310 1986 te,
334 1937 447 1977 deest
479 1935 524 1976 in
557 1934 633 1977 Va.
667 1936 773 1977 mihi
808 1936 971 1990 iamque
997 1937 1025 1976 1.
1063 1938 1098 1982 1,
1131 1952 1195 1978 1116
1227 1937 1313 1978 veri
1345 1936 1411 1978 Va
1435 1961 1491 1967 ——
1514 1937 1588 1991 43)
1621 1936 1892 1992 significabas

185 1995 262 2040 Vb.
296 1994 543 2051 significasti
568 1994 609 2034 (Ὺ.
633 1996 840 2048 quomodo
863 1995 1100 2049 (quoniam)
1122 1996 1165 2037 in
1189 1994 1230 2040 C.
1251 1997 1376 2045 deest,
1400 1996 1554 2037 multos
1575 1996 1821 2051 peregrinos
1849 1994 1893 2036 C.

184 2055 304 2081 amator

185 2098 271 2117 amor
330 2065 392 2107 Be

327 2126 426 2180 Pag.
465 2126 516 2167 19
551 2141 584 2167 v.
622 2126 662 2170 1)
697 2140 872 2180 quoque,
897 2126 1012 2168 deest
1036 2126 1080 2167 in
1104 2126 1137 2169 l.
1167 2128 1183 2167 1
1211 2128 1249 2167 2.
1286 2152 1337 2157 —-
1373 2128 1417 2181 2)
1442 2126 1639 2168 Erealum
1663 2124 1891 2180 (Troilum)

184 2184 262 2234 Va,
297 2184 429 2225 Crisis
462 2183 529 2225 Vb
575 2184 610 2227 I.
648 2186 666 2224 1
695 2185 730 2226 2.
765 2185 831 2226 dei
864 2186 1047 2239 phebum
1080 2186 1158 2235 Vb,
1195 2186 1262 2235 Be,
1309 2185 1569 2240 Teiphebum
1600 2184 1678 2226 Va.
1711 2185 1893 2239 Deipho-

186 2245 285 2286 bum
318 2244 360 2289 (Ἴ,
394 2244 425 2285 l.
463 2245 481 2284 1
520 2244 557 2283 2⁴
592 2269 643 2273 —
681 2244 724 2287 3)
772 2248 980 2287 amatores
1033 2243 1100 2286 Vb
1146 2245 1188 2287 C.
1222 2245 1308 2287 suis
1342 2244 1405 2299 Va
1437 2246 1473 2290 b.
1507 2246 1694 2286 vertebat
1750 2243 1828 2286 Vb.
1861 2243 1890 2285 C

189 2330 236 2333 -
276 2304 319 2357 6)
349 2303 549 2358 pegrinus
582 2303 832 2358 (pergimus)
866 2303 895 2345 C
933 2329 984 2334 —
1022 2306 1064 2357 7)
1098 2304 1233 2346 omnis
1266 2304 1332 2346 Va
1366 2330 1417 2334 -——
1454 2305 1496 2357 8)
1523 2304 1596 2345 illa
1627 2304 1693 2346 Va
1723 2304 1750 2345 b
1771 2302 1892 2358 (alia)

186 2389 237 2393 —
276 2363 319 2416 0)
352 2361 645 2416 Cleopatrique
687 2362 757 2403 Vb,
793 2363 828 2405 Ι.
868 2364 884 2404 1
923 2364 960 2406 2.
995 2364 1282 2418 deoptatisque
1316 2364 1391 2405 Va.
1426 2364 1532 2405 alios
1564 2362 1641 2406 Va.
1678 2363 1743 2404 Be.
1760 2363 1891 2404 I.12.

185 2423 238 2464 Η·
273 2422 330 2463 ΒΥ
365 2447 417 2451 -
458 2422 527 2474 11)
559 2421 594 2462 si
629 2422 735 2475 (sed)
768 2422 809 2463 H
844 2448 896 2453 —
935 2423 1005 2477 12)
1038 2423 1286 2465 achinorum
1321 2422 1383 2464 Va
1413 2423 1453 2474 b,
1489 2422 1532 2464 C.
1564 2423 1595 2464 I.
1631 2422 1892 2464 2.Archino-

184 2497 276 2522 rum
310 2481 342 2522 Ι.
379 2482 413 2521 1.
459 2480 712 2535 Argivorum
758 2481 826 2522 ΒΥ.
871 2486 1115 2523 remaneant
1164 2483 1233 2523 Β6.
1281 2482 1493 2524 morbibus
1544 2482 1631 2523 suis
1664 2481 1694 2524 C
1728 2506 1783 2511 —
1821 2482 1891 2528 13)

186 2555 364 2595 namque
398 2540 648 2594 (nunquam)
682 2538 747 2581 Va
782 2565 834 2570 —
874 2542 943 2595 14)
977 2546 1196 2596 ceteraque
1229 2542 1487 2596 (carereque)
1521 2540 1585 2582 Va.
1620 2566 1670 2571 —-
1709 2541 1781 2594 15)
1820 2555 1890 2582 cu-

186 2600 332 2654 iusque
366 2598 431 2639 Vb
487 2624 539 2628 —-
579 2601 649 2651 16)
698 2599 755 2639 mi
802 2598 880 2641 Vb.
920 2601 986 2641 b'e.
1021 2599 1062 2646 C.
1096 2600 1126 2641 I.
1163 2603 1181 2642 1
1221 2603 1255 2641 2.
1291 2601 1366 2642 11111
1403 2600 1471 2644 Va.
1506 2616 1602 2651 non,
1625 2600 1739 2642 deest
1771 2599 1816 2640 in
1850 2598 1889 2640 C.

185 2659 268 2700 sint
302 2658 378 2704 Vb,
414 2656 454 2706 Ὁ,
489 2657 519 2698 Ι.
559 2659 577 2698 1
616 2659 650 2698 2.
687 2658 727 2699 H
765 2684 815 2688 —
855 2660 924 2713 17)
978 2675 1116 2702 amore
1162 2659 1238 2710 Va,
1293 2675 1424 2715 pauca
1476 2661 1646 2701 fuerunt
1676 2659 1706 2700 I.
1745 2659 1780 2701 1.
1806 2673 1890 2714 ego

186 2722 325 2759 autem
357 2722 399 2759 te
434 2732 584 2771 sequor
629 2722 680 2767 et,
727 2718 785 2759 Be
818 2744 873 2748 -—
924 2720 993 2765 19)
1037 2720 1173 2775 magis
1206 2734 1378 2774 sumque
1431 2718 1510 2761 Vb.
1543 2718 1684 2760 animo
1718 2732 1889 2772 sumque

185 2777 255 2823 Β6.
288 2777 388 2818 civis
420 2776 499 2817 sim
534 2777 563 2816 l.
603 2778 636 2825 1,
670 2781 766 2817 tuus
800 2793 891 2818 suni
935 2778 1007 2828 Be,
1033 2794 1167 2833 quam,
1195 2779 1308 2821 deest
1354 2779 1395 2820 in
1429 2778 1505 2827 Va,
1539 2782 1676 2819 tecum
1710 2777 1891 2819 vescitur

185 2836 406 2890 (nascitur)
452 2835 519 2876 Vb
578 2835 719 2877 omnia
769 2838 900 2890 (nam)
934 2836 1007 2880 Β6.
1042 2838 1172 2885 11111111,
1205 2839 1245 2879 in
1290 2837 1354 2879 Va
1397 2839 1511 2879 deest
1559 2862 1609 2866 —
1666 2838 1738 2891 20)
1789 2836 1890 2877 facit
1932 2856 1938 2860 -

192 2895 220 2933 V
228 2911 262 2938 a.
294 2894 466 2936 electior
500 2894 563 2934 Va
598 2920 650 2924 —
686 2896 759 2939 22)
793 2897 904 2937 inter
926 2897 1418 2951 Roman1('l'e11toniam)
1452 2896 1526 2937 Va.
1551 2911 1674 2945 meas,
1708 2896 1753 2937 in
1786 2895 1816 2937 Ι.
1851 2896 1889 2937 2.

185 2956 307 3002 deest.
361 2953 678 3006 compositurus,
730 2955 845 2996 deest
897 2956 941 2996 111
976 2956 1042 2997 Vb
1076 2982 1131 2986 —
1166 2958 1237 3009 23)
1291 2956 1560 2997 ordinaturus
1598 2955 1659 2995 Vb
1708 2979 1763 2985 -—-
1816 2956 1890 3002 24)

185 3013 347 3055 Cesaris
381 3014 422 3053 (ζ’.
470 3012 499 3057 Ι.
534 3014 569 3057 2.
605 3038 659 3041 —
693 3015 765 3057 26)
820 3015 1007 3056 entruria
1044 3015 1117 3058 Va.
1170 3015 1357 3058 cutruria
1413 3014 1488 3056 Vb.
1544 3014 1748 3056 intruscia
1782 3013 1811 3055 I.
1855 3015 1888 3057 1.

185 3073 386 3114 instrueia
419 3071 450 3114 l,
487 3074 524 3111 2.
560 3071 757 3113 Hetruria
792 3072 841 3113 H.
878 3074 934 3114 ΒΥ
972 3100 1019 3104 -
1057 3075 1130 3128 28)
1163 3080 1205 3116 et
1237 3076 1346 3128 (nec)
1400 3073 1478 3116 Va.
1512 3088 1602 3115 mea
1638 3074 1694 3115 ΒΥ
1727 3099 1779 3104 -
1815 3074 1890 3118 29)
