1988 3344
1767 190 1820 230 33

127 335 253 384 venit,
285 334 462 383 irrideri,
495 333 650 387 despici
683 337 724 374 et
757 333 851 374 odio
883 332 1027 374 haberi
1061 333 1212 387 coepit,
1247 331 1344 386 quia
1370 332 1462 385 plus
1485 346 1696 372 armorum
1719 334 1822 372 stre-

124 393 252 447 pitus,
286 408 410 447 quam
442 393 677 434 litterarum
708 392 837 445 lepor,
870 402 1035 432 nostras
1059 392 1237 432 feminas
1260 390 1495 432 oblectabat
1520 390 1634 431 Hinc
1648 390 1821 445 grandis

129 452 237 494 livor
268 457 310 493 et
343 452 536 493 simultas
569 452 719 506 ingens
751 455 853 500 erat,
888 451 1223 505 quaerebantque
1245 454 1368 505 togae
1392 450 1479 491 vias
1501 464 1655 498 omnes,
1673 449 1822 502 quibus

128 514 301 565 possent
332 525 480 553 nocere
512 511 635 565 sagis.
1355 539 1357 542 ι

269 569 327 611 Vt
360 584 460 625 ergo
492 570 629 611 violae
652 569 769 610 dolus
791 568 941 621 patuit,
960 568 1012 608 ad
1034 567 1269 608 Menelaum
1286 580 1382 608 mox
1398 567 1496 616 itur,
1520 567 1822 621 epistolamque

132 633 178 670 ut
211 630 337 685 legat,
371 632 554 684 rogatur,
587 628 662 669 Ille
695 631 882 669 moestus
915 629 1084 668 domum
1128 626 1280 681 pergit,
1314 642 1485 668 uxorem
1518 626 1833 681 increpamus.

91 727 96 733 ,
126 703 326 743 mumque
359 689 537 729 clamore
570 687 730 742 implet.
765 687 905 741 Negat
937 700 979 726 se
1011 701 1125 726 ream
1157 700 1273 734 uxor,
1295 700 1463 739 remque
1478 689 1639 740 gestam
1652 685 1825 738 exponit

129 744 171 789 et
204 763 306 788 anus
340 748 511 788 adducit
544 746 845 788 testimonium.
879 745 971 786 Itur
1004 746 1055 785 ad
1087 743 1314 787 Caesarem.
1348 745 1395 785 fit
1430 744 1606 798 querela⁷
1653 748 1824 785 vocatur

130 807 325 849 Pacorus,
361 806 403 847 Is
436 806 590 847 crimen
625 806 793 854 fatetur,
826 807 1052 858 petensque
1085 803 1262 853 veniam⁷
1296 819 1510 857 nunquam
1555 818 1596 843 se
1649 803 1822 857 posthac

106 865 370 906 'Lucretiam
403 869 659 915 veniturum,
694 866 783 906 iure
816 864 992 905 iurando
1025 864 1268 916 confirmat3
1313 863 1449 904 sciens
1481 867 1634 911 tamen,
1688 863 1825 903 Iovem

127 939 213 965 non
245 924 418 977 irascist)
451 925 521 966 sed
555 925 735 966 arridere
787 923 984 978 periuriis
1036 927 1276 963 amantum:
1311 923 1490 963 sterilem
1526 923 1747 971 flammam,
1782 925 1827 962 ut

127 982 262 1038 magis
295 983 537 1037 prohibitus
569 991 671 1033 erat,
705 999 751 1024 eo
786 982 1027 1036 diligentius
1060 981 1317 1035 sequebatur.

1430 1610 1664 1685 llll·

668 1699 697 1720 J-
700 1706 740 1713 .....
743 1705 797 1712 —-
1008 1706 1134 1715 —-,

1427 1733 1566 1821 llll

1566 1725 1671 1801 lul

1428 1672 1668 1733 ll

1430 1822 1574 1864 ll

1431 1803 1674 1914 alliun

1433 1910 1673 2010 slim!

1432 1891 1570 1916 l

1433 1917 1573 1957 ll

1438 1979 1467 1982 Ι

1493 1974 1563 1980 l

1435 1970 1573 2002 l

1435 1999 1673 2089 ml

1438 2102 1486 2107 ι

1438 2069 1678 2194 Ml

1435 2018 1577 2100 llll

1488 2096 1572 2116 l

1495 2076 1513 2079 l

277 2373 407 2413 Venit
438 2372 606 2425 hiems2)
639 2372 893 2426 exclusisque
945 2373 1113 2421 Nothis,
1167 2372 1299 2413 solum
1351 2371 1527 2412 Boream
1572 2369 1832 2411 admittebat.

137 2431 300 2473 Cadunt
331 2446 382 2472 ex
414 2432 527 2473 coelo
552 2432 698 2485 givesg
730 2431 905 2473 solvitur
937 2431 980 2472 in
1011 2432 1154 2473 ludum
1198 2430 1373 2482 civitas3
1426 2430 1586 2470 iactant
1617 2433 1833 2470 matronae

136 2492 178 2532 in
212 2490 333 2539 vicos,
368 2490 535 2532 iuvenes
567 2491 612 2531 in
645 2491 862 2540 fenestras,
886 2491 1033 2532 nivem.
1058 2491 1169 2532 Hinc
1191 2493 1339 2531 nactus
1360 2488 1619 2530 occasionem
1638 2488 1832 2536 Pacorus,

139 2549 356 2604 epistolam
392 2549 567 2590 alteram
599 2564 691 2591 cera
722 2549 913 2599 includit,
937 2565 1154 2604 ceramque
1176 2550 1269 2590 nive
1292 2549 1403 2603 tegit
1417 2552 1458 2588 et
1473 2547 1623 2602 cingit,
1641 2547 1832 2600 iactaque

138 2609 240 2663 pila,
273 2609 318 2650 in
352 2607 578 2649 fenestram
611 2608 828 2650 Lucretiae
860 2608 973 2650 iacit.

281 2668 386 2717 Quis
418 2682 502 2708 non
535 2683 675 2709 omnia
706 2668 794 2723 regi
827 2668 997 2723 figr‘cuna
1028 2667 1178 2709 dicat?
1212 2667 1312 2716 Quis
1344 2681 1428 2707 non
1446 2666 1715 2707 favorabilem
1747 2665 1835 2705 eius

139 2727 258 2780 cupit
289 2727 436 2768 flatum
454 2727 508 2774 1²²³)
542 2726 636 2768 Fati
668 2727 780 2767 enim
813 2727 905 2780 plus
937 2727 1045 2768 valet
1076 2727 1179 2767 hora
1200 2725 1385 2780 benigni,
1402 2739 1524 2778 quam
1539 2726 1572 2766 si
1594 2729 1635 2766 te
1657 2723 1834 2765 Veneris

138 2786 398 2827 commendet
450 2785 630 2839 epistola
682 2785 858 2839 Martifl)
891 2785 1055 2826 Dicunt
1087 2784 1305 2840 quidamst)
1358 2783 1466 2824 nihil
1518 2799 1616 2833 esse,
1649 2783 1758 2837 quod
1791 2783 1833 2823 in

139 2845 330 2899 sapiente
378 2849 503 2899 queat
554 2845 723 2885 fortuna
781 2845 877 2885 Hoc
908 2859 986 2899 ego
1018 2843 1085 2885 his
1117 2843 1376 2897 sapientibus
1409 2844 1600 2892 concedo,
1646 2842 1715 2896 qui
1747 2841 1834 2882 sola

1828 2892 1838 2901 ,,

140 2903 291 2945 virtute
342 2905 538 2959 gaudent,
592 2903 664 2957 qui
697 2907 737 2944 et
769 2917 971 2957 pauperes
1003 2906 1045 2945 et
1088 2902 1249 2958 aegroti
1279 2905 1322 2943 et
1353 2901 1396 2942 in
1440 2905 1561 2942 tauro
1596 2898 1854 2949 Phalarim>

282 2987 312 3028 1)
338 2985 402 3020 Ov.
430 2987 500 3020 Ars
524 2985 552 3020 Ι.
580 2985 659 3019 633.
688 3005 730 3009 -
758 2985 785 3027 ²)
811 2983 922 3028 Verg.
950 2985 1070 3027 Georg
1107 2984 1152 3019 ΙΙ.
1180 2985 1234 3019 19.
1279 3004 1320 3008 —
1348 2983 1375 3024 ³)
1404 2983 1504 3017 Conf.
1534 2982 1608 3017 Cic.
1636 2982 1704 3017 Off.
1729 2981 1772 3017 Il.
1802 2981 1833 3016 6.

140 3032 169 3078 ⁴)
193 3032 269 3068 Iuv.
298 3033 393 3068 XVI.
419 3034 453 3067 4.
481 3034 512 3067 5.
541 3053 582 3057 —
613 3033 640 3076 ⁵)
667 3032 767 3066 Conf.
809 3032 892 3065 Seri.
935 3030 978 3065 de
1003 3033 1120 3066 const.
1163 3031 1250 3074 Sap.
1277 3032 1309 3065 6.
1337 3030 1361 3063 δ’
1391 3032 1423 3065 8.
1463 3030 1504 3064 de
1532 3030 1590 3064 ira
1616 3030 1677 3065 III.
1706 3030 1762 3063 25.
1790 3048 1833 3053 -

141 3082 168 3124 6)
195 3079 287 3113 Ovid
324 3082 394 3114 Ars
420 3080 448 3114 1.
475 3081 555 3115 653.
583 3080 655 3116 Cic,
683 3079 790 3114 Verr.
817 3078 877 3114 IV.
905 3080 959 3113 33.
988 3080 1043 3114 73.
