1988 3344
1746 186 1799 228 37

248 328 429 384 „Parum
462 343 529 371 me
543 330 696 379 amas‚“
713 328 866 383 inquit,
880 343 956 370 cur
970 343 1056 371 11011
1071 330 1218 383 potius
1235 327 1345 370 domi
1360 329 1471 382 apud
1487 344 1552 371 1110
1574 329 1766 371 coenasti
1782 332 1802 371 ἱ)

104 387 210 443 Ego,
235 388 335 442 quia
366 391 415 429 tu
447 388 605 438 aberas,
637 402 714 429 nec
745 387 917 429 comedi
938 387 1074 437 hodie,
1107 402 1185 429 nec
1205 387 1292 429 bibi
1316 388 1555 442 quidquam.
1582 388 1802 430 Venerunt

103 450 249 488 tamen
280 447 415 489 villici
448 461 499 489 ex
530 447 718 498 Rosalia,
761 447 901 491 nescio
935 446 1035 501 quid
1067 446 1154 488 vini
1186 449 1436 499 portantes:
1467 448 1679 503 optimum
1711 462 1801 489 esse

103 507 300 548 ferebant
341 506 594 548 trebianum.
641 505 750 562 Ego,
782 521 883 560 prae
915 505 1138 556 moestitia,
1170 506 1277 548 nihil
1311 506 1493 562 gustavi.
1525 507 1651 549 Nunc
1696 523 1802 562 quo-

104 565 218 607 niam
241 566 351 616 ades,
373 580 527 616 eamus,
550 565 585 607 si
601 566 753 620 placet,
768 566 813 607 in
828 565 1045 607 cellarium
1059 564 1304 615 introrsum,
1320 569 1627 621 gustemusque
1642 568 1804 617 vinum,

105 624 152 676 si,
186 627 236 666 ut
268 625 330 666 illi
362 625 578 675 dixerunt,
611 628 700 666 tam
735 624 1031 666 svavissimum
1064 627 1160 667 sitq-⁴

248 683 408 738 Hisque
440 683 578 739 dictis,
607 684 822 741 &aternam
855 685 1015 734 dextra,
1039 684 1186 741 girum
1220 684 1392 726 sinistra
1423 700 1552 726 11131111
1584 685 1748 739 recepit
1762 687 1807 726 et

105 744 148 784 in
180 743 381 785 intimum
412 758 570 797 penum
602 743 831 797 descendit,
863 746 1036 797 tamque
1069 743 1139 785 diu
1172 758 1283 785 nunc
1314 744 1436 795 hunc,
1460 760 1570 786 nunc
1592 744 1710 786 illum
1734 759 1803 785 03-

105 804 206 844 (111111
237 802 472 844 terebravit
503 817 551 844 ac
584 801 679 844 cum
694 803 784 845 viro
800 802 1034 857 pitissavit‚
1048 803 1180 844 donec
1193 802 1426 857 Euryalum
1444 804 1615 858 putavit
1637 803 1802 845 abiisse.

103 863 167 904 Ac
198 863 264 903 ita
294 862 462 903 demum
495 863 544 902 ad
579 863 776 918 i-ngratos
809 863 1070 916 hymenaeos
1103 877 1199 903 011111
1231 862 1323 905 viro
1355 863 1567 907 transivit.
1592 863 1804 917 Euryalus

107 922 361 976 intempesta
392 922 554 976 nocte¹)
584 923 758 963 domum
790 921 975 976 repetiit.

246 1039 454 1094 Sequenti
484 1041 592 1096 luce²
626 1039 713 1081 sive
746 1041 859 1095 quod
892 1040 953 1082 sic
983 1040 1232 1094 expediebat
1265 1055 1466 1092 camerae,
1499 1040 1586 1082 sive
1620 1040 1804 1095 suspicio

103 1099 214 1140 mala
246 1098 340 1150 fuit,
373 1113 495 1140 muro
527 1099 757 1142 fenestram
772 1100 992 1141 Menelaus
1007 1100 1229 1141 obstruxit.
1248 1099 1392 1149 Credo,
1425 1104 1475 1140 ut
1497 1104 1597 1141 sunt
1611 1099 1805 1142 concives

104 1158 245 1200 nostri
276 1158 321 1199 in
355 1157 651 1200 coniuncturas
686 1159 811 1209 acuti,
860 1159 1233 1214 suspicionumque
1266 1159 1401 1213 pleni:
1435 1159 1626 1201 timuisse
1659 1159 1804 1201 Mene—

60 1254 66 1259 .
106 1219 218 1258 laum
271 1218 353 1259 loci
406 1218 762 1268 commoditatem,
814 1221 948 1272 utque
1000 1234 1152 1273 parum
1185 1219 1344 1260 fidebat
1376 1218 1510 1269 uxori,
1544 1218 1805 1260 occasionem

105 1278 273 1318 demere
306 1277 501 1319 voluisse.
545 1277 672 1327 Nam,
721 1277 803 1319 etsi
835 1277 940 1319 nihil
973 1277 1167 1319 conscius
1199 1281 1292 1319 erat
1323 1278 1400 1324 1111,
1433 1281 1630 1320 vexatam
1663 1281 1804 1320 tamen

105 1336 318 1388 feminam,
348 1337 497 1378 multis
530 1337 676 1378 dietim
708 1340 962 1391 temptatam
991 1336 1237 1392 precibusf')
1270 1352 1356 1378 non
1390 1338 1616 1393 ignorabat
1650 1342 1692 1379 et
1717 1338 1807 1379 ani-

107 1411 222 1437 mum
254 1396 539 1449 cognoscebat
571 1396 759 1438 mulieris
792 1397 1049 1446 instabilem,
1083 1397 1201 1438 cuius
1218 1400 1286 1438 tot
1301 1400 1401 1438 sunt
1433 1398 1687 1446 voluntates,
1702 1403 1806 1452 quot

105 1458 151 1496 in
183 1455 403 1496 arboribus
435 1455 591 1510 folia.³)
627 1455 761 1499 Saccas
793 1457 904 1498 enim
935 1458 1143 1510 femineus
1187 1457 1390 1499 novitatis
1422 1461 1482 1500 est
1513 1458 1700 1511 cupidus,
1734 1472 1808 1498 να-

103 1529 230 1570 roque
260 1516 400 1557 virum
434 1518 562 1567 amat,
597 1516 715 1558 caius
746 1517 908 1569 copiam
939 1517 1071 1559 habet.
1106 1514 1371 1569 Sequebatur
1397 1531 1500 1572 ergo
1535 1516 1647 1557 viam
1677 1516 1805 1557 mari-

105 1577 246 1615 torum
279 1575 590 1629 pervulgatam,
635 1589 817 1628 quorum
861 1575 1005 1628 opinio
1039 1580 1116 1625 est,
1170 1574 1455 1616 infortunium
1487 1575 1608 1616 bonis
1641 1576 1807 1617 excludi

108 1633 321 1675 custodiis.

248 1692 414 1746 Erepta
446 1696 510 1735 est
541 1693 641 1734 hinc
674 1693 944 1735 conveniendi
975 1694 1170 1743 facultas,
1204 1708 1279 1735 nec
1302 1693 1525 1735 mittendis
1549 1693 1700 1735 litteris
1715 1708 1808 1747 per-

106 1751 233 1793 missa
265 1751 437 1793 libertas
471 1755 548 1806 est,
581 1767 679 1793 nam
713 1756 754 1794 et
787 1768 1031 1808 cauponem,
1065 1753 1138 1807 qui
1168 1757 1266 1807 post
1299 1754 1420 1795 aedes
1445 1753 1667 1794 Lucretiae
1690 1753 1807 1794 vina-

104 1811 211 1852 riam
243 1811 464 1852 tabernam
497 1813 772 1863 conduxerat,
805 1815 856 1853 ex
889 1827 971 1866 qua
1001 1812 1216 1865 Euryalus
1233 1813 1396 1854 solebat
1418 1813 1541 1853 affari
1562 1811 1804 1854 Lucretiam

105 1873 148 1911 et
179 1870 346 1912 litteras
380 1885 456 1925 per
489 1871 742 1913 arundinem
794 1871 978 1922 mittere,
1033 1872 1143 1912 sicut
1195 1872 1415 1914 Menelaus
1470 1872 1615 1922 svasit,
1647 1869 1830 1927 magis-'

105 1932 245 1971 tratus
280 1930 456 1986 expulit.
1648 1952 1651 1953 ⁷

247 1989 460 2031 Restabat
492 1990 606 2031 solus
639 1991 857 2032 oculorum
889 1990 1088 2040 intuitus,
1121 1992 1314 2045 nutuque
1346 1992 1516 2031 tantum
1549 2005 1593 2031 se
1612 1990 1805 2032 consalu-

105 2049 256 2090 tabant
288 2053 504 2098 amantes:
536 2064 672 2103 neque
706 2049 824 2100 istac,
857 2052 1014 2092 amoris
1049 2052 1240 2091 extrema
1261 2049 1384 2100 linea,
1408 2050 1624 2091 commode
1646 2049 1803 2103 perfrui

105 2110 316 2161 poterant.
350 2108 459 2149 Erat
489 2108 644 2162 ingens
677 2110 799 2150 dolor
830 2109 1013 2164 utrique,
1047 2109 1342 2163 cruciatusque
1365 2109 1493 2151 morti
1522 2109 1683 2160 similis,
1706 2108 1809 2162 quia

106 2181 183 2208 nec
215 2167 370 2209 amoris
403 2171 604 2222 poterant
637 2168 843 2219 oblivisci,
875 2183 952 2210 nec
984 2170 1029 2210 in
1062 2183 1110 2210 eo
1142 2183 1423 2223 perseverare.

254 2969 282 3014 ¹)
306 2968 413 3012 Verg.
439 2969 501 3006 ΠΙ.
529 2971 609 3005 587.
635 2969 714 3004 XlIv
742 2971 822 3006 846.
851 2990 893 2995 —
921 2970 949 3014 2>
979 2969 1080 3006 Conf.
1108 2971 1220 3007 Mart.
1234 2970 1339 3014 Epig.
1354 2970 1414 3007 IV.
1441 2971 1510 3013 853
1538 2973 1568 3007 3.
1597 2992 1640 2996 -
1659 2971 1806 3016 ³)Conf.

113 3014 193 3098 ggii..
219 3016 598 3100 (Ii-{rihlffssh-—ffiVeff-r.
625 3019 714 3053 Aen.
739 3017 798 3053 IV.
829 3018 907 3052 569.
935 3018 1016 3053 570.
1043 3017 1105 3053 Ov.
1145 3019 1227 3055 Am.
1265 3018 1309 3053 Π.
1340 3020 1410 3063 19;
1439 3020 1469 3055 3.
1497 3019 1556 3054 ΠΙ.
1581 3020 1626 3062 4;
1653 3020 1686 3056 6.
1712 3018 1807 3053 conf.
