1970 3344
155 215 278 256 xxu

156 355 350 410 scriptas.
376 381 430 385 ——
454 354 519 397 De
532 354 837 408 praepositura
858 352 1162 395 mediolanensi
1192 352 1259 394 48.
1285 351 1352 394 52.
1376 351 1445 393 53.
1476 350 1542 393 De
1557 353 1860 406 praepositura

154 415 430 458 vormatiensi
455 414 550 456 321.
574 414 669 454 355.
694 413 790 454 356.
815 411 997 466 Propter
1019 411 1130 452 hanc
1151 412 1501 466 praeposituram
1522 414 1566 452 et
1589 411 1670 452 alia
1691 411 1734 452 in
1757 414 1858 453 Ger-

158 473 298 515 mania
322 488 398 528 per
423 473 627 521 Aeneam,
652 471 842 525 aliosque
857 470 1104 512 cardinales
1123 474 1166 512 et
1181 470 1400 525 episcopos
1420 469 1552 511 Italos
1571 470 1726 525 adepta
1739 485 1858 524 prae-

156 533 290 575 benda
333 536 408 573 etc.
454 531 564 572 inter
609 532 843 573 Germanos
887 530 1028 572 exorti
1060 544 1301 571 murmures
1326 529 1501 571 sedandi
1527 543 1667 580 eausa,
1691 529 1861 584 scripsit

157 592 390 647 epistolas:
417 592 513 632 334.
538 591 637 630 335.
663 590 760 631 337.
785 590 881 631 338.
907 590 1006 631 356.
1032 589 1132 631 369.
1157 589 1253 630 371.

299 651 587 704 Episcopatus
614 647 866 691 variniensis
891 647 1145 702 adipiscendi
1173 663 1300 689 causa
1324 648 1493 702 scripsit
1516 647 1740 702 epistolas:
1766 648 1860 691 260.

157 712 255 753 275.
279 710 363 751 278
382 735 403 739 -
428 709 523 749 281.
563 708 811 750 283-285,
851 708 1095 750 2960—300.
1142 708 1241 749 302.
1267 708 1364 750 313.
1393 708 1488 749 314.
1514 708 1608 749 317.
1635 708 1731 750 325.
1766 707 1865 749 326.

158 771 255 812 328.
282 770 378 813 333.
402 768 498 809 347.

301 828 384 868 Pro
418 826 646 881 nepotibus
670 826 842 881 scripsit
865 825 1070 880 epistolas
1104 825 1200 867 347.
1237 826 1334 867 359.

302 886 501 941 Epistola
533 887 630 928 347.
665 900 742 927 nos
776 886 824 927 de
858 884 1047 927 Simonia
1079 884 1242 926 Romae
1267 885 1438 926 valente
1470 885 1628 926 edocet.

299 946 348 987 In
373 945 565 1000 epistolis
601 947 669 988 25.
706 950 748 986 et
781 946 836 985 29
887 944 1085 987 dissolvit
1119 946 1375 1000 argumenta
1407 959 1483 998 pro
1527 947 1648 999 parte
1682 942 1867 999 Eugenii

158 1007 270 1047 facta
303 1009 379 1046 etc.

300 1065 348 1105 In
370 1065 554 1118 epistola
569 1064 665 1107 353.
682 1063 890 1118 palatium
906 1063 1103 1117 budense,
1120 1070 1214 1118 (per
1227 1078 1292 1104 me
1307 1064 1351 1104 in
1378 1062 1568 1117 lingvam
1587 1062 1865 1118 hungaricam

160 1139 289 1176 versa,
311 1123 395 1180 legi
418 1126 562 1177 potest
584 1122 629 1164 in
648 1135 656 1165 ε
683 1122 942 1178 „Budapesti
958 1122 1135 1177 Hirlap··
1164 1122 1245 1164 diei
1270 1122 1336 1163 30.
1354 1122 1515 1176 Aprilis
1538 1122 1636 1162 anni
1665 1121 1808 1175 1899.)
1824 1121 1865 1163 in

163 1185 256 1225 165.
279 1187 423 1225 autem
447 1182 704 1224 describitur
728 1183 828 1224 urbs
852 1181 1018 1223 Vienna
1042 1183 1084 1223 in
1108 1181 1286 1223 Austria
1301 1185 1342 1223 et
1365 1182 1454 1223 eius
1480 1182 1651 1223 incolae.
1669 1181 1868 1236 Epistola

159 1244 263 1285 haec
286 1242 513 1297 posterior,
537 1255 661 1282 versa
684 1241 727 1282 in
752 1241 943 1297 lingvam
966 1240 1264 1297 germanicam,
1298 1241 1516 1283 invenitur
1539 1241 1608 1282 in:
1627 1239 1782 1296 „Wien
1807 1241 1866 1282 im

162 1302 309 1344 Lichte
330 1301 654 1343 verschiedener
675 1301 706 1342 J
710 1301 999 1342 ahrhunderte
1026 1304 1060 1352 ;“
1089 1300 1131 1342 in
1154 1301 1254 1342 fasc.
1282 1301 1352 1342 IV.
1390 1300 1767 1342 Volksbibliothek
1798 1299 1868 1341 fiir

164 1362 306 1403 Kunst
349 1362 435 1402 und
483 1360 811 1409 wissenschaft‚
854 1359 984 1402 edidit
1036 1360 1142 1402 Rud.
1190 1360 1406 1414 Bel-guen
1451 1359 1632 1414 Lipsiae,
1667 1359 1869 1406 Herman,

164 1421 391 1463 Bruckner.

308 1540 508 1594 Superest
532 1539 678 1591 adhuc,
705 1540 750 1578 ut
771 1537 874 1578 viris
897 1537 996 1590 illis,
1020 1536 1090 1591 qui
1113 1552 1178 1578 me
1202 1536 1245 1578 in
1269 1537 1473 1591 opusculo
1497 1537 1578 1578 hoc
1610 1537 1869 1579 adiuvaruut

163 1602 207 1641 et
230 1598 471 1651 suffulsere,
515 1597 668 1652 quibus
693 1597 830 1638 adhuc
874 1595 938 1637 vir
970 1596 1365 1650 praestantissimus
1394 1597 1584 1647 Fischer,
1609 1596 1681 1650 qui
1714 1597 1866 1639 biblio-

162 1660 310 1700 thecae
333 1656 629 1712 bambergensi
656 1659 837 1711 praeest,
861 1670 1017 1711 magna
1041 1671 1135 1697 cum
1157 1656 1278 1697 laude
1322 1655 1666 1697 adnumerandus
1691 1658 1769 1707 est,
1792 1655 1870 1697 im-

164 1718 366 1760 mortales
392 1731 517 1772 agam
543 1718 733 1772 gratias3
759 1729 880 1771 agam
907 1715 1076 1770 inquam
1100 1716 1199 1756 dum
1223 1715 1373 1764 vivam,
1411 1730 1508 1756 nam
1532 1716 1770 1757 relaturum
1804 1730 1869 1757 me

165 1778 376 1819 affirmare
421 1791 506 1816 non
539 1777 673 1825 valeo,
708 1776 781 1816 sed
815 1775 895 1816 hoc
928 1775 1090 1824 faciam,
1122 1775 1235 1829 quod
1267 1775 1370 1816 mihi
1393 1774 1570 1829 reliqum
1593 1776 1682 1815 est:
1706 1776 1870 1827 amabo,

166 1838 312 1887 colam,
334 1836 583 1879 venerabor.

308 1954 521 2008 Opusculo
537 1955 637 1995 huic
659 1954 836 1995 liberum
862 1968 885 1993 a
907 1953 1094 2008 negotiis
1111 1957 1275 2007 tempus
1302 1967 1452 2001 meum,
1477 1953 1691 1993 oculorum
1714 1953 1871 2003 lumen,

166 2028 310 2054 auram
334 2013 525 2055 liberam.
547 2013 818 2067 pulmonibus
840 2012 942 2054 meis
960 2012 1171 2054 debilibus
1195 2013 1301 2053 adeo
1326 2011 1603 2053 necessariam
1621 2015 1664 2052 et
1686 2011 1869 2066 profun-

166 2073 301 2114 ‹lendo
325 2074 439 2126 quod
464 2073 515 2113 ad
538 2072 840 2114 suffulciendas
865 2071 1052 2125 corporis
1075 2071 1187 2114 vires
1211 2071 1316 2114 satis
1351 2071 1390 2112 in
1416 2086 1538 2111 usum
1561 2075 1626 2112 est
1668 2070 1870 2124 pecuniae

167 2146 243 2186 pro
266 2131 395 2185 libris,
419 2131 489 2185 qui
511 2133 563 2172 ad
581 2146 671 2173 rem
694 2132 804 2173 hanc
826 2131 1066 2186 pertinent:
1101 2131 1279 2186 largitus
1315 2146 1419 2171 sum.
1455 2129 1634 2179 Quoties
1669 2144 1754 2171 nox
1787 2130 1870 2172 iam

167 2192 492 2232 transcenderat
524 2191 709 2232 medium
741 2191 827 2245 poli
861 2193 1005 2232 axem!
1039 2190 1206 2244 quoties
1238 2189 1336 2231 frixi
1370 2190 1412 2230 in
1449 2203 1617 2230 musaeo
1650 2204 1743 2230 meo
1786 2204 1871 2231 non

168 2251 393 2292 celefacto!

311 2309 493 2362 Codices,
517 2309 784 2359 incunabula,
807 2308 1032 2359 editiones,
1055 2323 1134 2363 ego
1170 2308 1259 2362 ipse
1294 2308 1465 2349 contuli.
1504 2308 1547 2349 Si
1585 2321 1702 2362 ergo,
1738 2309 1873 2350 lector

168 2369 382 2418 benevole,
405 2368 635 2418 hincinde,
659 2383 842 2410 errorem
869 2369 1175 2418 observaveris,
1199 2368 1270 2409 des
1293 2367 1470 2409 veniam.
1497 2366 1620 2409 Vale!
