<?xml version="1.0" encoding="UTF-8"?>
<!DOCTYPE html PUBLIC "-//W3C//DTD XHTML 1.0 Transitional//EN"
    "http://www.w3.org/TR/xhtml1/DTD/xhtml1-transitional.dtd">
<html xmlns="http://www.w3.org/1999/xhtml" xml:lang="en" lang="en">
 <head>
  <title>
</title>
<meta http-equiv="Content-Type" content="text/html;charset=utf-8" />
  <meta name='ocr-system' content='tesseract 3.04.00' />
  <meta name='ocr-capabilities' content='ocr_page ocr_carea ocr_par ocr_line ocrx_word'/>
</head>
<body>
  <div class='ocr_page' id='page_1' title='image "aeneaesylviipicc00piusuoft_0062.png"; bbox 0 0 1988 3344; ppageno 0'>
   <div class='ocr_carea' id='block_1_1' title="bbox 121 321 1827 1088">
    <p class='ocr_par' dir='ltr' id='par_1_1' title="bbox 121 321 1826 673">
     <span class='ocr_line' id='line_1_1' title="bbox 268 321 1826 378; baseline 0.003 -16"><span class='ocrx_word' id='word_1_1' title='bbox 268 322 449 363; x_wconf 88' lang='lat' dir='ltr'>Pacorus</span> <span class='ocrx_word' id='word_1_2' title='bbox 492 321 665 370; x_wconf 85' lang='lat' dir='ltr'>interea,</span> <span class='ocrx_word' id='word_1_3' title='bbox 699 322 943 364; x_wconf 83' lang='lat' dir='ltr'>Pannonius</span> <span class='ocrx_word' id='word_1_4' title='bbox 987 337 1122 377; x_wconf 81' lang='lat' dir='ltr'>eques,</span> <span class='ocrx_word' id='word_1_5' title='bbox 1155 323 1277 365; x_wconf 90' lang='lat' dir='ltr'>domo</span> <span class='ocrx_word' id='word_1_6' title='bbox 1310 322 1471 372; x_wconf 85' lang='lat' dir='ltr'>nobilis,</span> <span class='ocrx_word' id='word_1_7' title='bbox 1505 323 1576 378; x_wconf 90' lang='lat' dir='ltr'>qui</span> <span class='ocrx_word' id='word_1_8' title='bbox 1610 323 1826 366; x_wconf 80' lang='lat' dir='ltr'>Caesarem</span> 
     </span>
     <span class='ocr_line' id='line_1_2' title="bbox 124 381 1824 437; baseline 0.002 -16"><span class='ocrx_word' id='word_1_9' title='bbox 124 381 384 436; x_wconf 83' lang='lat' dir='ltr'>sequebatur,</span> <span class='ocrx_word' id='word_1_10' title='bbox 417 382 559 422; x_wconf 82' lang='lat' dir='ltr'>ardere</span> <span class='ocrx_word' id='word_1_11' title='bbox 593 381 830 422; x_wconf 70' lang='lat' dir='ltr'>Lucretiam</span> <span class='ocrx_word' id='word_1_12' title='bbox 863 382 1004 436; x_wconf 85' lang='lat' dir='ltr'>coepit</span> <span class='ocrx_word' id='word_1_13' title='bbox 1037 386 1090 430; x_wconf 90' lang='lat' dir='ltr'>et,</span> <span class='ocrx_word' id='word_1_14' title='bbox 1123 382 1221 437; x_wconf 86' lang='lat' dir='ltr'>quia</span> <span class='ocrx_word' id='word_1_15' title='bbox 1253 382 1460 424; x_wconf 82' lang='lat' dir='ltr'>formosus</span> <span class='ocrx_word' id='word_1_16' title='bbox 1492 387 1594 432; x_wconf 86' lang='lat' dir='ltr'>erat,</span> <span class='ocrx_word' id='word_1_17' title='bbox 1616 383 1824 425; x_wconf 85' lang='lat' dir='ltr'>redamari</span> 
     </span>
     <span class='ocr_line' id='line_1_3' title="bbox 123 440 1824 494; baseline 0.004 -16"><span class='ocrx_word' id='word_1_18' title='bbox 123 440 310 493; x_wconf 86' lang='lat' dir='ltr'>putabat,</span> <span class='ocrx_word' id='word_1_19' title='bbox 345 441 556 494; x_wconf 73' lang='lat' dir='ltr'>solamque</span> <span class='ocrx_word' id='word_1_20' title='bbox 589 440 767 482; x_wconf 83' lang='lat' dir='ltr'>feminae</span> <span class='ocrx_word' id='word_1_21' title='bbox 799 441 1049 494; x_wconf 84' lang='lat' dir='ltr'>pudicitiam</span> <span class='ocrx_word' id='word_1_22' title='bbox 1082 441 1245 483; x_wconf 86' lang='lat' dir='ltr'>obstare</span> <span class='ocrx_word' id='word_1_23' title='bbox 1278 440 1356 483; x_wconf 85' lang='lat' dir='ltr'><strong>sibi</strong></span> <span class='ocrx_word' id='word_1_24' title='bbox 1387 441 1567 483; x_wconf 85' lang='lat' dir='ltr'>rebatur.</span> <span class='ocrx_word' id='word_1_25' title='bbox 1589 442 1681 492; x_wconf 86' lang='lat' dir='ltr'>Illa,</span> <span class='ocrx_word' id='word_1_26' title='bbox 1713 442 1824 484; x_wconf 89' lang='lat' dir='ltr'>sicut</span> 
     </span>
     <span class='ocr_line' id='line_1_4' title="bbox 124 499 1824 554; baseline 0.002 -15"><span class='ocrx_word' id='word_1_27' title='bbox 124 514 212 541; x_wconf 90' lang='lat' dir='ltr'>mos</span> <span class='ocrx_word' id='word_1_28' title='bbox 243 504 306 540; x_wconf 82' lang='lat' dir='ltr'>est</span> <span class='ocrx_word' id='word_1_29' title='bbox 339 499 491 540; x_wconf 89' lang='lat' dir='ltr'>nostris</span> <span class='ocrx_word' id='word_1_30' title='bbox 523 500 780 552; x_wconf 77' lang='lat' dir='ltr'>dominabus,</span> <span class='ocrx_word' id='word_1_31' title='bbox 822 515 970 554; x_wconf 28' lang='lat' dir='ltr'>‘omnes</span> <span class='ocrx_word' id='word_1_32' title='bbox 1015 501 1129 542; x_wconf 83' lang='lat' dir='ltr'>vultu</span> <span class='ocrx_word' id='word_1_33' title='bbox 1161 501 1315 542; x_wconf 85' lang='lat' dir='ltr'>blando</span> <span class='ocrx_word' id='word_1_34' title='bbox 1349 500 1603 542; x_wconf 87' lang='lat' dir='ltr'>intuebatur.</span> <span class='ocrx_word' id='word_1_35' title='bbox 1637 501 1719 543; x_wconf 88' lang='lat' dir='ltr'>Ars</span> <span class='ocrx_word' id='word_1_36' title='bbox 1751 506 1824 552; x_wconf 87' lang='lat' dir='ltr'>est,</span> 
     </span>
     <span class='ocr_line' id='line_1_5' title="bbox 121 559 1825 614; baseline 0.002 -15"><span class='ocrx_word' id='word_1_37' title='bbox 121 559 206 600; x_wconf 85' lang='lat' dir='ltr'>sive</span> <span class='ocrx_word' id='word_1_38' title='bbox 240 559 426 612; x_wconf 86' lang='lat' dir='ltr'>deceptio</span> <span class='ocrx_word' id='word_1_39' title='bbox 458 559 613 611; x_wconf 81' lang='lat' dir='ltr'>potius.</span> <span class='ocrx_word' id='word_1_40' title='bbox 647 574 697 601; x_wconf 91' lang='lat' dir='ltr'>ne</span> <span class='ocrx_word' id='word_1_41' title='bbox 728 574 848 600; x_wconf 84' lang='lat' dir='ltr'>verus</span> <span class='ocrx_word' id='word_1_42' title='bbox 879 574 996 601; x_wconf 84' lang='lat' dir='ltr'>amor</span> <span class='ocrx_word' id='word_1_43' title='bbox 1027 561 1165 614; x_wconf 85' lang='lat' dir='ltr'>palam</span> <span class='ocrx_word' id='word_1_44' title='bbox 1198 560 1286 603; x_wconf 89' lang='lat' dir='ltr'>fiat.</span> <span class='ocrx_word' id='word_1_45' title='bbox 1319 559 1482 601; x_wconf 86' lang='lat' dir='ltr'>Insanit</span> <span class='ocrx_word' id='word_1_46' title='bbox 1520 560 1715 609; x_wconf 86' lang='lat' dir='ltr'>Pacorus,</span> <span class='ocrx_word' id='word_1_47' title='bbox 1751 575 1825 602; x_wconf 86' lang='lat' dir='ltr'>nec</span> 
     </span>
     <span class='ocr_line' id='line_1_6' title="bbox 126 618 1421 673; baseline 0 -14"><span class='ocrx_word' id='word_1_48' title='bbox 126 618 329 659; x_wconf 85' lang='lat' dir='ltr'>consolari</span> <span class='ocrx_word' id='word_1_49' title='bbox 362 621 513 671; x_wconf 86' lang='lat' dir='ltr'>potest,</span> <span class='ocrx_word' id='word_1_50' title='bbox 544 618 629 659; x_wconf 87' lang='lat' dir='ltr'>nisi</span> <span class='ocrx_word' id='word_1_51' title='bbox 662 618 888 661; x_wconf 81' lang='lat' dir='ltr'>Lucretiae</span> <span class='ocrx_word' id='word_1_52' title='bbox 922 624 1105 661; x_wconf 88' lang='lat' dir='ltr'>mentem</span> <span class='ocrx_word' id='word_1_53' title='bbox 1137 619 1421 673; x_wconf 76' lang='lat' dir='ltr'>persentiat.¹)</span> 
     </span>
    </p>

    <p class='ocr_par' dir='ltr' id='par_1_2' title="bbox 121 676 1827 970">
     <span class='ocr_line' id='line_1_7' title="bbox 266 676 1825 733; baseline 0.003 -18"><span class='ocrx_word' id='word_1_54' title='bbox 266 676 409 717; x_wconf 60' lang='lat' dir='ltr'>Solent</span> <span class='ocrx_word' id='word_1_55' title='bbox 441 679 654 718; x_wconf 85' lang='lat' dir='ltr'>matronae</span> <span class='ocrx_word' id='word_1_56' title='bbox 707 693 908 728; x_wconf 89' lang='lat' dir='ltr'>senenses,</span> <span class='ocrx_word' id='word_1_57' title='bbox 942 680 994 720; x_wconf 85' lang='lat' dir='ltr'>ad</span> <span class='ocrx_word' id='word_1_58' title='bbox 1027 679 1209 733; x_wconf 86' lang='lat' dir='ltr'>primum</span> <span class='ocrx_word' id='word_1_59' title='bbox 1253 678 1448 733; x_wconf 80' lang='lat' dir='ltr'>lapidem,</span> <span class='ocrx_word' id='word_1_60' title='bbox 1481 678 1677 719; x_wconf 87' lang='lat' dir='ltr'>sacellum</span> <span class='ocrx_word' id='word_1_61' title='bbox 1710 677 1825 720; x_wconf 85' lang='lat' dir='ltr'>divae</span> 
     </span>
     <span class='ocr_line' id='line_1_8' title="bbox 123 735 1825 792; baseline 0.001 -15"><span class='ocrx_word' id='word_1_62' title='bbox 123 736 291 785; x_wconf 81' lang='lat' dir='ltr'>Mariae,</span> <span class='ocrx_word' id='word_1_63' title='bbox 327 736 436 789; x_wconf 79' lang='lat' dir='ltr'>quod</span> <span class='ocrx_word' id='word_1_64' title='bbox 468 735 513 777; x_wconf 91' lang='lat' dir='ltr'>in</span> <span class='ocrx_word' id='word_1_65' title='bbox 547 736 794 778; x_wconf 87' lang='lat' dir='ltr'>Bethlehem</span> <span class='ocrx_word' id='word_1_66' title='bbox 826 742 1106 792; x_wconf 83' lang='lat' dir='ltr'>nuncupatur,</span> <span class='ocrx_word' id='word_1_67' title='bbox 1129 737 1292 791; x_wconf 84' lang='lat' dir='ltr'>saepius</span> <span class='ocrx_word' id='word_1_68' title='bbox 1314 736 1604 780; x_wconf 80' lang='lat' dir='ltr'>visitare.Huc</span> <span class='ocrx_word' id='word_1_69' title='bbox 1620 737 1825 787; x_wconf 79' lang='lat' dir='ltr'>Lucretia,</span> 
     </span>
     <span class='ocr_line' id='line_1_9' title="bbox 126 795 1827 851; baseline 0.004 -19"><span class='ocrx_word' id='word_1_70' title='bbox 126 796 286 836; x_wconf 82' lang='lat' dir='ltr'>duabus</span> <span class='ocrx_word' id='word_1_71' title='bbox 319 795 520 836; x_wconf 85' lang='lat' dir='ltr'>comitata</span> <span class='ocrx_word' id='word_1_72' title='bbox 554 795 794 851; x_wconf 79' lang='lat' dir='ltr'>virginibus</span> <span class='ocrx_word' id='word_1_73' title='bbox 827 801 868 838; x_wconf 88' lang='lat' dir='ltr'>et</span> <span class='ocrx_word' id='word_1_74' title='bbox 901 812 982 838; x_wconf 81' lang='lat' dir='ltr'>ami</span> <span class='ocrx_word' id='word_1_75' title='bbox 1016 798 1205 851; x_wconf 77' lang='lat' dir='ltr'>quadam,</span> <span class='ocrx_word' id='word_1_76' title='bbox 1238 797 1594 851; x_wconf 85' lang='lat' dir='ltr'>proficiscebatur.</span> <span class='ocrx_word' id='word_1_77' title='bbox 1628 795 1827 850; x_wconf 74' lang='lat' dir='ltr'>Sequitur</span> 
     </span>
     <span class='ocr_line' id='line_1_10' title="bbox 125 854 1824 911; baseline 0.001 -17"><span class='ocrx_word' id='word_1_78' title='bbox 125 855 320 902; x_wconf 80' lang='lat' dir='ltr'>Pacorus,</span> <span class='ocrx_word' id='word_1_79' title='bbox 367 854 519 895; x_wconf 88' lang='lat' dir='ltr'>violam</span> <span class='ocrx_word' id='word_1_80' title='bbox 552 855 597 895; x_wconf 89' lang='lat' dir='ltr'>in</span> <span class='ocrx_word' id='word_1_81' title='bbox 631 856 825 897; x_wconf 88' lang='lat' dir='ltr'>manibus</span> <span class='ocrx_word' id='word_1_82' title='bbox 868 860 1050 911; x_wconf 82' lang='lat' dir='ltr'>gestans.</span> <span class='ocrx_word' id='word_1_83' title='bbox 1089 856 1298 898; x_wconf 86' lang='lat' dir='ltr'>deauratis</span> <span class='ocrx_word' id='word_1_84' title='bbox 1330 856 1459 906; x_wconf 68' lang='lat' dir='ltr'>foliis,</span> <span class='ocrx_word' id='word_1_85' title='bbox 1492 856 1533 897; x_wconf 87' lang='lat' dir='ltr'>in</span> <span class='ocrx_word' id='word_1_86' title='bbox 1568 855 1686 897; x_wconf 85' lang='lat' dir='ltr'>cuius</span> <span class='ocrx_word' id='word_1_87' title='bbox 1719 856 1824 897; x_wconf 75' lang='lat' dir='ltr'>collo</span> 
     </span>
     <span class='ocr_line' id='line_1_11' title="bbox 121 914 1819 970; baseline 0.002 -17"><span class='ocrx_word' id='word_1_88' title='bbox 121 914 344 967; x_wconf 62' lang='lat' dir='ltr'>epistolam</span> <span class='ocrx_word' id='word_1_89' title='bbox 376 915 638 964; x_wconf 85' lang='lat' dir='ltr'>amatoriam,</span> <span class='ocrx_word' id='word_1_90' title='bbox 672 915 894 956; x_wconf 84' lang='lat' dir='ltr'>subtilibus</span> <span class='ocrx_word' id='word_1_91' title='bbox 926 915 1173 970; x_wconf 71' lang='lat' dir='ltr'>inscriptam</span> <span class='ocrx_word' id='word_1_92' title='bbox 1216 915 1482 963; x_wconf 73' lang='lat' dir='ltr'>membranis,</span> <span class='ocrx_word' id='word_1_93' title='bbox 1534 916 1819 956; x_wconf 80' lang='lat' dir='ltr'>absconderat.</span> 
     </span>
    </p>

    <p class='ocr_par' dir='ltr' id='par_1_3' title="bbox 124 972 1821 1088">
     <span class='ocr_line' id='line_1_12' title="bbox 265 972 1821 1027; baseline 0.001 -13"><span class='ocrx_word' id='word_1_94' title='bbox 265 973 355 1014; x_wconf 83' lang='lat' dir='ltr'>Nec</span> <span class='ocrx_word' id='word_1_95' title='bbox 388 972 553 1027; x_wconf 79' lang='lat' dir='ltr'>mirere:</span> <span class='ocrx_word' id='word_1_96' title='bbox 586 975 721 1015; x_wconf 83' lang='lat' dir='ltr'>tradit</span> <span class='ocrx_word' id='word_1_97' title='bbox 753 975 866 1016; x_wconf 88' lang='lat' dir='ltr'>enim</span> <span class='ocrx_word' id='word_1_98' title='bbox 894 975 1057 1024; x_wconf 61' lang='lat' dir='ltr'>Cicero</span> <span class='ocrx_word' id='word_1_99' title='bbox 1091 975 1268 1016; x_wconf 81' lang='lat' dir='ltr'>Iliadem</span> <span class='ocrx_word' id='word_1_100' title='bbox 1301 989 1476 1021; x_wconf 85' lang='lat' dir='ltr'>omnem,</span> <span class='ocrx_word' id='word_1_101' title='bbox 1510 974 1573 1016; x_wconf 81' lang='lat' dir='ltr'>ita</span> <span class='ocrx_word' id='word_1_102' title='bbox 1606 974 1821 1015; x_wconf 82' lang='lat' dir='ltr'>subtiliter</span> 
     </span>
     <span class='ocr_line' id='line_1_13' title="bbox 124 1032 1587 1088; baseline 0.001 -16"><span class='ocrx_word' id='word_1_103' title='bbox 124 1032 334 1086; x_wconf 68' lang='lat' dir='ltr'>scriptam,</span> <span class='ocrx_word' id='word_1_104' title='bbox 367 1032 449 1073; x_wconf 86' lang='lat' dir='ltr'>sibi</span> <span class='ocrx_word' id='word_1_105' title='bbox 485 1036 694 1074; x_wconf 82' lang='lat' dir='ltr'>ostensam</span> <span class='ocrx_word' id='word_1_106' title='bbox 727 1034 868 1083; x_wconf 80' lang='lat' dir='ltr'>fuisse,</span> <span class='ocrx_word' id='word_1_107' title='bbox 902 1038 949 1075; x_wconf 89' lang='lat' dir='ltr'>ut</span> <span class='ocrx_word' id='word_1_108' title='bbox 980 1039 1089 1075; x_wconf 77' lang='lat' dir='ltr'>testa</span> <span class='ocrx_word' id='word_1_109' title='bbox 1122 1035 1240 1076; x_wconf 81' lang='lat' dir='ltr'>nucis</span> <span class='ocrx_word' id='word_1_110' title='bbox 1272 1034 1535 1075; x_wconf 69' lang='lat' dir='ltr'>clauderetur</span> <span class='ocrx_word' id='word_1_111' title='bbox 1554 1034 1587 1088; x_wconf 62' lang='lat'>2)</span> 
     </span>
    </p>
   </div>
   <div class='ocr_carea' id='block_1_2' title="bbox 173 1166 1755 2299">
    <p class='ocr_par' dir='ltr' id='par_1_4' title="bbox 173 1166 1755 2299">
     <span class='ocr_line' id='line_1_14' title="bbox 173 1166 1755 2299; baseline 0 0"><span class='ocrx_word' id='word_1_112' title='bbox 173 1166 1755 2299; x_wconf 95' lang='lat' dir='ltr'> </span> 
     </span>
    </p>
   </div>
   <div class='ocr_carea' id='block_1_3' title="bbox 113 2348 1813 2947">
    <p class='ocr_par' dir='ltr' id='par_1_5' title="bbox 115 2348 1813 2592">
     <span class='ocr_line' id='line_1_15' title="bbox 258 2348 1813 2421; baseline 0.015 -35"><span class='ocrx_word' id='word_1_113' title='bbox 258 2348 577 2414; x_wconf 46' lang='lat' dir='ltr'>Offertyiolam</span> <span class='ocrx_word' id='word_1_114' title='bbox 610 2351 843 2404; x_wconf 80' lang='lat' dir='ltr'>Lucretiae,</span> <span class='ocrx_word' id='word_1_115' title='bbox 876 2371 999 2411; x_wconf 84' lang='lat' dir='ltr'>seque</span> <span class='ocrx_word' id='word_1_116' title='bbox 1034 2361 1297 2402; x_wconf 73' lang='lat' dir='ltr'>commendat</span> <span class='ocrx_word' id='word_1_117' title='bbox 1318 2362 1512 2405; x_wconf 85' lang='lat' dir='ltr'>Pacorus.</span> <span class='ocrx_word' id='word_1_118' title='bbox 1538 2366 1719 2421; x_wconf 83' lang='lat' dir='ltr'>Respuit</span> <span class='ocrx_word' id='word_1_119' title='bbox 1743 2370 1813 2411; x_wconf 90' lang='lat' dir='ltr'>do-</span> 
     </span>
     <span class='ocr_line' id='line_1_16' title="bbox 115 2406 1811 2479; baseline 0.015 -35"><span class='ocrx_word' id='word_1_120' title='bbox 115 2420 214 2470; x_wconf 74' lang='lat' dir='ltr'>num</span> <span class='ocrx_word' id='word_1_121' title='bbox 248 2406 456 2472; x_wconf 79' lang='lat' dir='ltr'>Lucretia.</span> <span class='ocrx_word' id='word_1_122' title='bbox 490 2408 667 2463; x_wconf 77' lang='lat' dir='ltr'>Instat3)</span> <span class='ocrx_word' id='word_1_123' title='bbox 700 2411 943 2456; x_wconf 86' lang='lat' dir='ltr'>Pannonius</span> <span class='ocrx_word' id='word_1_124' title='bbox 987 2418 1153 2471; x_wconf 67' lang='lat' dir='ltr'>magnis</span> <span class='ocrx_word' id='word_1_125' title='bbox 1185 2421 1386 2473; x_wconf 85' lang='lat' dir='ltr'>precibus.</span> <span class='ocrx_word' id='word_1_126' title='bbox 1420 2422 1526 2464; x_wconf 89' lang='lat' dir='ltr'>Tum</span> <span class='ocrx_word' id='word_1_127' title='bbox 1559 2440 1685 2469; x_wconf 79' lang='lat' dir='ltr'>anus:</span> <span class='ocrx_word' id='word_1_128' title='bbox 1723 2443 1811 2479; x_wconf 86' lang='lat' dir='ltr'>„re-</span> 
     </span>
     <span class='ocr_line' id='line_1_17' title="bbox 115 2466 1811 2540; baseline 0.014 -35"><span class='ocrx_word' id='word_1_129' title='bbox 115 2466 242 2517; x_wconf 58' lang='lat' dir='ltr'>(ripe‚“</span> <span class='ocrx_word' id='word_1_130' title='bbox 279 2470 429 2520; x_wconf 79' lang='lat' dir='ltr'>inquit,</span> <span class='ocrx_word' id='word_1_131' title='bbox 467 2468 594 2522; x_wconf 84' lang='lat' dir='ltr'>„hera</span> <span class='ocrx_word' id='word_1_132' title='bbox 626 2471 826 2513; x_wconf 82' lang='lat' dir='ltr'>donatum</span> <span class='ocrx_word' id='word_1_133' title='bbox 859 2474 1015 2517; x_wconf 84' lang='lat' dir='ltr'>florem.</span> <span class='ocrx_word' id='word_1_134' title='bbox 1052 2478 1161 2526; x_wconf 75' lang='lat' dir='ltr'>Quid</span> <span class='ocrx_word' id='word_1_135' title='bbox 1196 2478 1331 2524; x_wconf 81' lang='lat' dir='ltr'>times,</span> <span class='ocrx_word' id='word_1_136' title='bbox 1356 2481 1425 2522; x_wconf 87' lang='lat' dir='ltr'>ubi</span> <span class='ocrx_word' id='word_1_137' title='bbox 1441 2483 1601 2525; x_wconf 88' lang='lat' dir='ltr'>nullum</span> <span class='ocrx_word' id='word_1_138' title='bbox 1623 2489 1686 2527; x_wconf 87' lang='lat' dir='ltr'>est</span> <span class='ocrx_word' id='word_1_139' title='bbox 1700 2488 1811 2540; x_wconf 88' lang='lat' dir='ltr'>peri-</span> 
     </span>
     <span class='ocr_line' id='line_1_18' title="bbox 115 2524 1492 2592; baseline 0.015 -29"><span class='ocrx_word' id='word_1_140' title='bbox 115 2524 276 2578; x_wconf 76' lang='lat' dir='ltr'>culum3</span> <span class='ocrx_word' id='word_1_141' title='bbox 308 2540 435 2578; x_wconf 78' lang='lat' dir='ltr'>parva</span> <span class='ocrx_word' id='word_1_142' title='bbox 467 2542 532 2568; x_wconf 88' lang='lat' dir='ltr'>res</span> <span class='ocrx_word' id='word_1_143' title='bbox 565 2531 639 2578; x_wconf 89' lang='lat' dir='ltr'>est,</span> <span class='ocrx_word' id='word_1_144' title='bbox 674 2545 755 2583; x_wconf 83' lang='lat' dir='ltr'>qua</span> <span class='ocrx_word' id='word_1_145' title='bbox 787 2535 906 2585; x_wconf 89' lang='lat' dir='ltr'>potes</span> <span class='ocrx_word' id='word_1_146' title='bbox 939 2535 1048 2577; x_wconf 86' lang='lat' dir='ltr'>hunc</span> <span class='ocrx_word' id='word_1_147' title='bbox 1082 2537 1257 2579; x_wconf 84' lang='lat' dir='ltr'>militem</span> <span class='ocrx_word' id='word_1_148' title='bbox 1290 2541 1492 2592; x_wconf 81' lang='lat' dir='ltr'>placa1·e.“</span> 
     </span>
    </p>

    <p class='ocr_par' dir='ltr' id='par_1_6' title="bbox 113 2586 1810 2947">
     <span class='ocr_line' id='line_1_19' title="bbox 257 2586 1806 2659; baseline 0.014 -36"><span class='ocrx_word' id='word_1_149' title='bbox 257 2586 409 2626; x_wconf 63' lang='lat' dir='ltr'>Secuta</span> <span class='ocrx_word' id='word_1_150' title='bbox 461 2590 524 2628; x_wconf 87' lang='lat' dir='ltr'>est</span> <span class='ocrx_word' id='word_1_151' title='bbox 572 2587 768 2630; x_wconf 84' lang='lat' dir='ltr'>Lucretia</span> <span class='ocrx_word' id='word_1_152' title='bbox 821 2592 978 2635; x_wconf 86' lang='lat' dir='ltr'>anilem</span> <span class='ocrx_word' id='word_1_153' title='bbox 1031 2596 1274 2647; x_wconf 82' lang='lat' dir='ltr'>svasionem,</span> <span class='ocrx_word' id='word_1_154' title='bbox 1343 2600 1574 2656; x_wconf 73' lang='lat' dir='ltr'>violamque</span> <span class='ocrx_word' id='word_1_155' title='bbox 1637 2606 1806 2659; x_wconf 82' lang='lat' dir='ltr'>recepit.</span> 
     </span>
     <span class='ocr_line' id='line_1_20' title="bbox 114 2641 1809 2711; baseline 0.015 -30"><span class='ocrx_word' id='word_1_156' title='bbox 114 2641 343 2709; x_wconf 74' lang='lat' dir='ltr'>parumper</span> <span class='ocrx_word' id='word_1_157' title='bbox 374 2644 485 2686; x_wconf 85' lang='lat' dir='ltr'>ultra</span> <span class='ocrx_word' id='word_1_158' title='bbox 517 2660 748 2702; x_wconf 81' lang='lat' dir='ltr'>progressa,</span> <span class='ocrx_word' id='word_1_159' title='bbox 781 2650 934 2693; x_wconf 79' lang='lat' dir='ltr'>violam</span> <span class='ocrx_word' id='word_1_160' title='bbox 968 2654 1089 2696; x_wconf 85' lang='lat' dir='ltr'>alteri</span> <span class='ocrx_word' id='word_1_161' title='bbox 1121 2670 1172 2697; x_wconf 79' lang='lat' dir='ltr'>ex</span> <span class='ocrx_word' id='word_1_162' title='bbox 1205 2656 1438 2711; x_wconf 73' lang='lat' dir='ltr'>virginibus</span> <span class='ocrx_word' id='word_1_163' title='bbox 1471 2661 1597 2703; x_wconf 89' lang='lat' dir='ltr'>dedit.</span> <span class='ocrx_word' id='word_1_164' title='bbox 1624 2663 1713 2705; x_wconf 74' lang='lat' dir='ltr'>Nee</span> <span class='ocrx_word' id='word_1_165' title='bbox 1737 2665 1809 2706; x_wconf 88' lang='lat' dir='ltr'>diu</span> 
     </span>
     <span class='ocr_line' id='line_1_21' title="bbox 114 2703 1810 2771; baseline 0.015 -32"><span class='ocrx_word' id='word_1_166' title='bbox 114 2705 208 2753; x_wconf 85' lang='lat' dir='ltr'>post</span> <span class='ocrx_word' id='word_1_167' title='bbox 241 2703 406 2743; x_wconf 84' lang='lat' dir='ltr'>obviam</span> <span class='ocrx_word' id='word_1_168' title='bbox 440 2706 541 2746; x_wconf 78' lang='lat' dir='ltr'>facti</span> <span class='ocrx_word' id='word_1_169' title='bbox 575 2710 672 2748; x_wconf 87' lang='lat' dir='ltr'>sunt</span> <span class='ocrx_word' id='word_1_170' title='bbox 705 2709 784 2750; x_wconf 89' lang='lat' dir='ltr'>duo</span> <span class='ocrx_word' id='word_1_171' title='bbox 818 2713 1042 2767; x_wconf 51' lang='lat' dir='ltr'>studentes</span> <span class='ocrx_word' id='word_1_172' title='bbox 1066 2715 1136 2768; x_wconf 79' lang='lat' dir='ltr'>qui</span> <span class='ocrx_word' id='word_1_173' title='bbox 1170 2711 1471 2771; x_wconf 72' lang='lat' dir='ltr'>virgunculam,</span> <span class='ocrx_word' id='word_1_174' title='bbox 1495 2724 1541 2761; x_wconf 89' lang='lat' dir='ltr'>ut</span> <span class='ocrx_word' id='word_1_175' title='bbox 1562 2721 1642 2762; x_wconf 89' lang='lat' dir='ltr'>sibi</span> <span class='ocrx_word' id='word_1_176' title='bbox 1666 2722 1810 2765; x_wconf 80' lang='lat' dir='ltr'>florem</span> 
     </span>
     <span class='ocr_line' id='line_1_22' title="bbox 116 2761 1810 2836; baseline 0.014 -36"><span class='ocrx_word' id='word_1_177' title='bbox 116 2761 313 2809; x_wconf 82' lang='lat' dir='ltr'>traderet,</span> <span class='ocrx_word' id='word_1_178' title='bbox 347 2777 431 2803; x_wconf 90' lang='lat' dir='ltr'>non</span> <span class='ocrx_word' id='word_1_179' title='bbox 480 2779 633 2820; x_wconf 81' lang='lat' dir='ltr'>magno</span> <span class='ocrx_word' id='word_1_180' title='bbox 686 2771 857 2822; x_wconf 78' lang='lat' dir='ltr'>negotio</span> <span class='ocrx_word' id='word_1_181' title='bbox 912 2771 1179 2823; x_wconf 84' lang='lat' dir='ltr'>induxerunt,</span> <span class='ocrx_word' id='word_1_182' title='bbox 1227 2780 1453 2831; x_wconf 82' lang='lat' dir='ltr'>apertoque</span> <span class='ocrx_word' id='word_1_183' title='bbox 1486 2779 1616 2821; x_wconf 82' lang='lat' dir='ltr'>violae</span> <span class='ocrx_word' id='word_1_184' title='bbox 1649 2782 1810 2836; x_wconf 83' lang='lat' dir='ltr'>stipite,</span> 
     </span>
     <span class='ocr_line' id='line_1_23' title="bbox 113 2824 1810 2896; baseline 0.015 -38"><span class='ocrx_word' id='word_1_185' title='bbox 113 2833 278 2860; x_wconf 69' lang='lat' dir='ltr'>carmen</span> <span class='ocrx_word' id='word_1_186' title='bbox 333 2824 581 2864; x_wconf 81' lang='lat' dir='ltr'>amatorium</span> <span class='ocrx_word' id='word_1_187' title='bbox 634 2825 893 2870; x_wconf 85' lang='lat' dir='ltr'>invenerunt.</span> <span class='ocrx_word' id='word_1_188' title='bbox 949 2830 1116 2874; x_wconf 75' lang='lat' dir='ltr'>Solebat</span> <span class='ocrx_word' id='word_1_189' title='bbox 1164 2834 1276 2875; x_wconf 87' lang='lat' dir='ltr'>enim</span> <span class='ocrx_word' id='word_1_190' title='bbox 1320 2835 1398 2877; x_wconf 91' lang='lat' dir='ltr'>hoc</span> <span class='ocrx_word' id='word_1_191' title='bbox 1431 2837 1646 2880; x_wconf 88' lang='lat' dir='ltr'>hominum</span> <span class='ocrx_word' id='word_1_192' title='bbox 1679 2855 1810 2896; x_wconf 69' lang='lat' dir='ltr'>genus</span> 
     </span>
     <span class='ocr_line' id='line_1_24' title="bbox 115 2883 1809 2947; baseline 0.015 -31"><span class='ocrx_word' id='word_1_193' title='bbox 115 2883 359 2932; x_wconf 70' lang='lat' dir='ltr'>pergratum</span> <span class='ocrx_word' id='word_1_194' title='bbox 393 2896 478 2922; x_wconf 89' lang='lat' dir='ltr'>esse</span> <span class='ocrx_word' id='word_1_195' title='bbox 511 2885 719 2926; x_wconf 85' lang='lat' dir='ltr'>matronis</span> <span class='ocrx_word' id='word_1_196' title='bbox 751 2889 921 2930; x_wconf 87' lang='lat' dir='ltr'>nostris.</span> <span class='ocrx_word' id='word_1_197' title='bbox 953 2889 1045 2941; x_wconf 66' lang='lat' dir='ltr'>Sed,</span> <span class='ocrx_word' id='word_1_198' title='bbox 1079 2897 1303 2947; x_wconf 79' lang='lat' dir='ltr'>postquam</span> <span class='ocrx_word' id='word_1_199' title='bbox 1329 2892 1513 2937; x_wconf 80' lang='lat' dir='ltr'>Caesaris</span> <span class='ocrx_word' id='word_1_200' title='bbox 1546 2899 1658 2940; x_wconf 80' lang='lat' dir='ltr'>curia</span> <span class='ocrx_word' id='word_1_201' title='bbox 1678 2885 1809 2943; x_wconf 62' lang='lat' dir='ltr'>⁴Senas</span> 
     </span>
    </p>
   </div>
   <div class='ocr_carea' id='block_1_4' title="bbox 115 2975 216 2979">
    <p class='ocr_par' dir='ltr' id='par_1_7' title="bbox 115 2975 216 2979">
     <span class='ocr_line' id='line_1_25' title="bbox 115 2975 216 2979; baseline 0 0"><span class='ocrx_word' id='word_1_202' title='bbox 115 2975 216 2979; x_wconf 95' lang='lat' dir='ltr'> </span> 
     </span>
    </p>
   </div>
   <div class='ocr_carea' id='block_1_5' title="bbox 114 2998 1807 3081">
    <p class='ocr_par' dir='ltr' id='par_1_8' title="bbox 114 2998 1807 3081">
     <span class='ocr_line' id='line_1_26' title="bbox 114 2998 1807 3081; baseline 0.009 -49"><span class='ocrx_word' id='word_1_203' title='bbox 114 3042 226 3078; x_wconf 40' lang='lat' dir='ltr'><strong>Andr.</strong></span> <span class='ocrx_word' id='word_1_204' title='bbox 257 2998 283 3076; x_wconf 51' lang='grc' dir='ltr'>ἒ)</span> <span class='ocrx_word' id='word_1_205' title='bbox 311 2999 525 3081; x_wconf 41' lang='lat' dir='ltr'>1L&#39;orllg.()·&#39;1&#39;‹?1·.</span> <span class='ocrx_word' id='word_1_206' title='bbox 552 3002 666 3036; x_wconf 81' lang='lat' dir='ltr'>Andr.</span> <span class='ocrx_word' id='word_1_207' title='bbox 693 3002 735 3039; x_wconf 81' lang='grc' dir='ltr'>Π.</span> <span class='ocrx_word' id='word_1_208' title='bbox 764 3006 806 3047; x_wconf 84' lang='grc'>3;</span> <span class='ocrx_word' id='word_1_209' title='bbox 834 3006 866 3042; x_wconf 85' lang='grc'>4.</span> <span class='ocrx_word' id='word_1_210' title='bbox 897 3027 937 3030; x_wconf 46' lang='grc'>»-</span> <span class='ocrx_word' id='word_1_211' title='bbox 966 3008 994 3051; x_wconf 73' lang='lat'>²)</span> <span class='ocrx_word' id='word_1_212' title='bbox 1022 3007 1093 3043; x_wconf 79' lang='lat' dir='ltr'>Cic.</span> <span class='ocrx_word' id='word_1_213' title='bbox 1139 3010 1227 3051; x_wconf 81' lang='lat' dir='ltr'>frag.</span> <span class='ocrx_word' id='word_1_214' title='bbox 1257 3020 1297 3044; x_wconf 79' lang='lat' dir='ltr'>ex</span> <span class='ocrx_word' id='word_1_215' title='bbox 1327 3009 1460 3046; x_wconf 80' lang='lat' dir='ltr'>admir.</span> <span class='ocrx_word' id='word_1_216' title='bbox 1503 3012 1567 3049; x_wconf 81' lang='lat' dir='ltr'>lib.</span> <span class='ocrx_word' id='word_1_217' title='bbox 1598 3034 1639 3039; x_wconf 89' lang='lat'>—</span> <span class='ocrx_word' id='word_1_218' title='bbox 1667 3016 1695 3057; x_wconf 57' lang='lat'>³¹,</span> <span class='ocrx_word' id='word_1_219' title='bbox 1725 3014 1807 3048; x_wconf 80' lang='lat' dir='ltr'>Ter,</span> 
     </span>
    </p>
   </div>
  </div>
 </body>
</html>
