2007 3242
251 355 288 396 X

519 463 528 478 1

249 496 321 538 Dii
354 496 476 538 boni!
530 498 573 537 et
626 497 792 548 meapte
837 494 977 536 helluo
1034 493 1238 535 librorum
1273 511 1396 550 quam
1430 492 1731 537 voracissimus
1764 497 1808 535 et

249 555 510 598 iucunditate
572 553 738 610 legendi
791 554 910 594 velut
962 553 1178 608 abreptus.
1232 554 1401 610 Itaque,
1449 569 1544 596 cum
1589 552 1711 594 facile
1764 552 1807 594 in

251 615 439 657 animum
470 629 610 656 meum
643 613 918 663 induxissem,
974 613 1086 666 quod
1139 613 1245 655 mihi
1278 614 1576 662 moestissimo,
1611 611 1808 654 nonnihil

250 673 466 716 levaminis
500 674 724 723 adtulerat,
758 673 923 714 eunden
956 671 1051 713 aliis
1078 672 1323 716 hominibus
1354 674 1564 716 medelam
1585 673 1809 713 admovere

249 749 385 787 posse,
448 734 687 775 seiunctum
720 747 744 772 a
775 736 944 774 caetera
1006 731 1177 772 Aeneae
1242 747 1416 788 operum
1462 734 1571 774 mole
1604 731 1806 782 libellum,

251 793 352 835 iuris
385 792 549 848 publici
581 792 718 833 facere
750 790 925 833 intendi.

394 852 490 894 Non
523 854 607 894 erit
639 852 899 906 superfluum
932 849 1001 891 hic
1032 850 1212 905 allegare
1244 851 1371 892 verba
1392 849 1608 893 Francisci
1630 847 1810 904 Poggii:

254 914 495 967 „facessant
526 911 578 953 ab
610 910 737 952 huius
790 910 886 951 libri
937 908 1132 960 lectione,
1183 909 1254 964 qui
1286 911 1416 952 nimis
1449 909 1573 966 rigidi
1605 922 1812 958 censores,

251 976 326 1013 aut
380 986 497 1012 acres
550 970 866 1012 existimatores
919 983 1060 1009 rerum
1114 969 1317 1011 existunt.
1364 969 1400 1011 A
1444 969 1592 1011 facetis
1624 968 1737 1010 enim
1769 968 1814 1008 et

251 1030 451 1072 humanis
504 1029 586 1084 legi
620 1029 755 1084 cupio.
810 1029 931 1078 Quod
965 1028 999 1070 si
1031 1029 1278 1071 rusticiores
1331 1033 1466 1078 erunt,
1519 1043 1607 1070 non
1650 1040 1811 1076 recuso,

254 1090 353 1145 quin
417 1089 606 1131 sentiant
659 1089 771 1143 quod
804 1089 966 1137 volunt,
998 1088 1123 1128 modo
1157 1088 1408 1144 scriptorem
1440 1103 1493 1130 ne
1526 1089 1709 1141 culpent,
1742 1084 1816 1140 qui

254 1150 305 1190 ad
340 1149 596 1190 levationem
629 1148 762 1190 animi
794 1149 897 1189 haec
931 1151 973 1189 et
1006 1148 1056 1188 ad
1089 1147 1253 1199 ingenii
1271 1147 1521 1190 exercitium
1545 1145 1752 1200 3011Ρεὶ1.ιι

396 1303 524 1345 Libro
588 1302 698 1357 huic,
762 1317 840 1344 suo
902 1307 1105 1357 tempore.
1160 1317 1317 1358 magna
1369 1309 1460 1344 erat
1513 1301 1638 1349 fama,
1691 1314 1813 1354 quem

252 1367 486 1415 matronae,
552 1377 657 1417 quae
717 1365 814 1404 tunc
875 1362 1007 1404 adhuc
1073 1363 1306 1405 intellexere
1368 1363 1558 1418 Zinyvam
1621 1361 1815 1409 latinam,

252 1438 474 1478 nunquam
518 1423 717 1465 (Emisere
767 1435 816 1463 ex
845 1422 1055 1472 manibus,
1108 1422 1363 1476 praesertim
1416 1421 1513 1475 quia
1556 1420 1816 1469 innotuerat,

256 1482 539 1536 sub-Euryali
573 1480 756 1529 nomine,
790 1485 892 1521 tunc
923 1481 1130 1534 temporis
1163 1481 1246 1522 iam
1281 1480 1621 1536 omnipotentem
1650 1478 1816 1520 cancel-

257 1542 412 1584 larium
445 1555 699 1590 caesareum,
732 1540 967 1594 Casparum
1003 1540 1171 1582 Schlick
1203 1541 1345 1582 latere.

401 1604 617 1649 Attamen,
671 1603 898 1655 postquam
955 1599 1126 1641 Aeneas
1158 1603 1318 1649 noster,
1352 1598 1430 1640 sub
1462 1598 1633 1640 nomine
1667 1596 1732 1639 Pii
1760 1596 1816 1639 II.

256 1675 347 1702 rem
378 1660 590 1714 publicam
624 1659 902 1701 christianam
935 1672 1084 1709 regere
1118 1659 1269 1713 coepit,
1303 1658 1409 1699 liber
1440 1658 1510 1699 hic
1555 1657 1717 1698 nullam
1750 1656 1817 1698 illi

255 1719 436 1774 amplius
481 1719 689 1761 laetitiam
731 1718 936 1773 praebuit.
981 1718 1213 1760 Interdixit
1257 1717 1463 1767 omnibus,
1496 1731 1548 1758 ne
1581 1715 1674 1771 quis
1706 1716 1819 1757 hunc

254 1780 409 1820 librum
442 1779 485 1821 in
517 1779 787 1833 possessione
820 1793 895 1820 sua
926 1778 1143 1827 retineret,
1166 1778 1244 1819 sub
1267 1776 1598 1819 comminatione
1631 1776 1818 1817 mulctae

255 1840 535 1881 ducentorum
579 1852 814 1879 aureorum.
848 1837 1100 1891 Ubicunque
1133 1836 1201 1878 hic
1232 1837 1337 1878 liber
1387 1835 1695 1884 inveniebatur,
1729 1833 1819 1889 igni

255 1899 546 1940 mandabatur.
581 1923 637 1928 —
669 1898 719 1938 In
750 1896 918 1947 litteris,
951 1895 1114 1938 cuidam
1168 1895 1316 1939 Carolo
1355 1895 1559 1951 Cypriam
1592 1892 1818 1947 inscriptis,

256 1953 395 2011 (epist.
430 1958 568 2012 Hopp.
603 1957 721 2012 395.)
754 1956 843 2010 ipse
877 1959 1026 1998 contra
1058 1971 1165 2011 opus
1189 1971 1315 1997 suurn
1352 1954 1485 2005 dixit3
1518 1969 1621 2008 quas
1652 1953 1818 1994 litteras

258 2018 440 2059 adfinem
483 2017 609 2059 huius
661 2015 812 2066 operis,
863 2015 975 2057 inter
1007 2016 1113 2057 alias
1167 2016 1333 2056 Aeneae
1368 2015 1574 2067 epistolas
1628 2013 1818 2062 selectas,

256 2080 415 2130 acutas⁷
436 2076 633 2132 adiungo.
649 2075 736 2118 His
754 2089 803 2117 ex
816 2076 1006 2129 epistolis
1032 2075 1217 2131 intelligi
1235 2077 1387 2128 potest,
1405 2074 1618 2128 quomodo
1654 2074 1819 2113 Aeneas

258 2136 424 2191 Sylvius
453 2135 562 2181 levis
595 2135 859 2187 mulierosus,
880 2134 1185 2188 progrediente
1219 2136 1358 2175 aetate
1382 2132 1542 2175 viribus
1574 2131 1820 2180 exhaustus,

257 2194 481 2237 mulierum
514 2209 614 2237 osor
637 2197 680 2235 et
702 2193 881 2248 denique
914 2208 1081 2235 morum
1095 2195 1344 2247 praeceptor
1366 2191 1564 2237 evaserit.
1586 2190 1658 2240 (Le
1685 2190 1820 2233 diable

258 2257 381 2297 etant
412 2254 539 2296 vieux
572 2269 616 2296 se
638 2254 687 2296 fit
709 2253 887 2308 ermite.)
902 2253 954 2294 In
968 2252 1214 2306 posterioris
1230 2253 1400 2307 generis
1433 2251 1627 2305 epistolis
1660 2249 1821 2303 levitas,

257 2315 390 2367 dolor,
422 2313 674 2356 desiderium
707 2327 872 2368 quoque
904 2311 1080 2363 enitent,
1112 2326 1154 2355 30
1185 2312 1338 2354 talium
1349 2325 1490 2353 rerum
1514 2310 1699 2364 amplius
1711 2323 1821 2364 par-

257 2376 423 2428 ticipem
456 2387 542 2416 esse
572 2387 658 2416 non
679 2386 816 2427 posse.

402 2432 536 2481 Quam
571 2432 725 2474 dilecta
758 2431 955 2473 omnibus
987 2430 1119 2472 fuerit
1149 2430 1254 2471 haec
1286 2427 1480 2478 historia,
1504 2443 1556 2469 ex
1579 2441 1628 2469 eo
1651 2440 1820 2483 quoque

260 2497 450 2547 apparet,
485 2493 598 2546 quod
630 2492 799 2533 nullum
830 2490 1001 2532 Aeneae
1035 2503 1211 2544 operum
1245 2488 1374 2530 toties
1407 2487 1728 2529 describebatur
1776 2488 1821 2527 et

259 2567 387 2593 manu
422 2551 581 2604 scripta
613 2550 739 2592 huius
772 2549 978 2591 historiae
1011 2548 1217 2602 exempla,
1251 2547 1452 2601 (codices)
1486 2561 1610 2602 quam
1637 2544 1822 2600 plurima

261 2610 461 2652 existant.
493 2609 712 2651 Eiusmodi
745 2609 890 2661 codex,
920 2608 1160 2651 Belclianus
1208 2606 1356 2654 dictus,
1390 2606 1603 2661 quondam
1637 2603 1822 2646 celeber-

260 2669 357 2712 rimi
418 2672 666 2711 nostrorum
729 2671 963 2716 auctorum,
1025 2666 1246 2709 Francisci
1312 2666 1445 2720 Toldy
1499 2667 1603 2705 erat.
1637 2661 1716 2705 Sed
1745 2663 1822 2704 ubi

261 2732 439 2772 exstat?
471 2728 619 2779 Nemo,
651 2743 703 2770 ne
736 2727 848 2769 filius
880 2727 1051 2782 quidem
1085 2726 1186 2776 eius,
1218 2724 1320 2767 mihi
1353 2727 1522 2779 poterat
1555 2722 1702 2764 dicere.

403 2787 633 2829 Occasione
667 2786 943 2841 expositionis
979 2790 1147 2827 nostrae
1192 2784 1234 2826 in
1267 2784 1518 2825 memoriam
1572 2781 1672 2835 eius,
1706 2780 1822 2836 quod
