1988 3344
141 176 195 218 58

282 318 344 359 De
378 317 519 374 puella
550 321 626 359 tua
656 316 794 372 primo
827 318 978 370 dicam,
1016 332 1140 373 quam
1175 318 1265 361 viro
1287 319 1526 372 tradidisti3
1558 323 1682 366 laudo
1715 325 1761 366 111
1795 339 1844 366 ea

139 391 181 418 re
207 376 368 418 factum
389 376 522 418 tuum.
568 376 675 425 Quid
708 376 822 418 enim
858 377 1006 419 melius
1029 380 1105 427 est,
1128 393 1256 432 quam
1278 380 1457 434 nuptias
1482 383 1758 437 coniungere,
1790 398 1842 426 ex

138 435 291 490 quibus
316 436 482 478 soboles
505 436 616 477 fiunt
639 439 683 477 et
705 437 926 492 replentur
960 436 1106 479 liberis
1139 437 1373 481 civitates?
1407 439 1528 488 Quod
1563 445 1707 484 autem
1738 447 1842 498 post

137 497 298 537 factum
332 496 490 545 doleas,
527 499 676 537 contra
712 499 910 538 naturam
947 500 1021 538 est.
1053 495 1143 538 Nec
1166 498 1280 539 enim
1317 499 1426 541 solet
1449 498 1623 542 alicuius
1647 504 1840 555 operatio

137 554 310 596 virtutis
344 555 650 609 poenitentiam
683 555 849 598 habere.
873 556 952 605 Qui
976 556 1166 599 virtuose
1188 559 1292 612 agit,
1316 558 1456 600 laetus
1489 562 1579 615 est3
1622 560 1738 602 dolet
1769 562 1841 617 qui

136 613 296 655 crimen
318 613 542 656 commisit.
557 613 779 663 Quomodo
802 628 906 669 ergo
928 615 980 656 fit
1001 619 1050 657 ut
1071 618 1120 657 tu
1144 616 1299 667 doleas,
1325 618 1398 672 qui
1422 621 1562 660 actum
1594 619 1732 662 iecisti
1755 621 1839 662 vir-

135 673 242 715 tutis
258 680 277 715 ⁴?
300 672 464 728 Nempe
487 674 684 724 arbitror,
708 675 804 730 quia
826 675 987 716 bonum
1010 675 1161 724 fecisti,
1185 677 1260 717 sed
1282 691 1366 718 non
1382 677 1488 719 bene
1503 677 1651 720 fecisti.
1675 679 1839 722 Adver-

135 732 203 773 bia
233 737 345 783 sunt,
379 733 437 774 mi
469 733 667 784 Ioannes,
690 749 797 789 quae
830 748 907 776 nos
940 735 1084 784 beant,
1117 748 1203 776 non
1238 736 1380 787 verba,
1404 739 1591 788 nomina,
1614 739 1683 780 vel
1703 740 1841 793 parti-

135 791 256 846 cipia.
287 790 386 833 Non
420 793 520 847 quid
553 793 682 835 homo
707 794 849 844 faciat,
874 794 945 835 sed
970 795 1183 848 quomodo
1216 794 1356 845 faciat,
1400 797 1685 851 quaerendum
1709 801 1774 839 est
1797 802 1840 840 et

135 850 177 892 in
211 851 410 893 omnibus
434 852 531 894 finis
565 856 851 907 exspectatur.
885 853 1153 907 (respiciatur
1169 854 1207 908 2³)

277 910 319 953 Si
353 911 446 953 ideo
479 912 667 966 puellam
700 913 995 963 manifestasti,
1028 916 1076 954 ut
1099 913 1258 967 probro
1282 914 1516 960 levaveris:
1558 915 1662 957 bene
1687 915 1838 967 fecisti,

133 969 166 1011 si
190 972 321 1012 etiam
345 971 397 1012 ad
420 986 509 1012 rem
544 970 661 1013 1113111
695 973 827 1014 timor
850 975 1028 1014 accessit
1065 971 1165 1027 Deig
1198 976 1241 1014 at
1274 973 1307 1015 si
1343 974 1480 1016 solum
1513 975 1615 1028 quid
1646 975 1838 1017 homines

132 1030 415 1085 loquerentur,
439 1030 744 1074 considerasti:
776 1046 864 1073 non
887 1032 990 1074 satis
1015 1035 1092 1073 est.
1116 1031 1214 1073 Non
1239 1032 1349 1075 enim
1386 1033 1631 1076 hominibus
1653 1037 1837 1085 tantum,

134 1089 206 1130 sed
227 1089 318 1132 Deo
341 1090 508 1144 placere
532 1090 744 1132 debemus.
771 1090 948 1139 Quaeris
971 1090 1166 1141 remedia,
1182 1106 1258 1133 nec
1273 1092 1487 1146 poeticum
1502 1093 1566 1135 vis
1582 1093 1838 1136 antidotum.

131 1148 287 1203 Recipe
321 1149 618 1205 Evangelium.
652 1150 759 1198 Quid
793 1155 858 1193 est
884 1150 1116 1193 fornicatio
1140 1151 1254 1193 aliud
1279 1167 1404 1206 quam
1426 1155 1578 1195 mors?
1601 1153 1664 1194 Tu
1686 1154 1837 1195 beatus

130 1223 185 1258 es,
209 1210 247 1250 si
270 1210 313 1249 te
337 1209 572 1265 cognoscis,
606 1209 676 1264 qui
710 1212 935 1253 materiam
980 1210 1254 1264 delinquendi
1291 1225 1314 1251 a
1350 1215 1392 1253 te
1425 1211 1626 1254 abiecisti.
1660 1211 1836 1261 Quiesce

132 1267 319 1318 obsecro,
352 1283 488 1323 neque
521 1270 637 1310 ultra
668 1270 910 1312 memineris
944 1272 1046 1312 tuae
1069 1269 1302 1312 iuventutis
1326 1271 1531 1325 delicta.¹)
1564 1271 1671 1322 Scio,
1699 1271 1835 1315 dices:

131 1318 224 1368 ecce
257 1342 384 1381 quam
430 1343 603 1370 severus
636 1333 700 1370 est
741 1330 934 1381 Aeneas3
967 1344 1078 1371 nunc
1122 1329 1227 1371 mihi
1261 1330 1502 1373 castitatem
1546 1331 1768 1385 praedicat
1789 1331 1834 1373 in

131 1385 300 1427 Vienna
333 1387 413 1441 (sic
429 1392 436 1430 3
453 1389 479 1442 Σ)
507 1394 550 1429 et
571 1388 615 1430 in
637 1403 745 1430 nova
769 1389 938 1431 civitate
962 1391 1091 1438 aliter
1114 1404 1278 1430 mecum
1296 1390 1556 1445 lequebatur.
1590 1390 1688 1431 Non
1711 1405 1832 1446 nego,

131 1445 326 1495 Ioannes,
350 1446 408 1488 mi
431 1446 735 1497 amantissime,
758 1449 829 1490 sed
852 1447 1009 1490 labitur
1029 1452 1203 1504 tempus
1246 1449 1418 1505 dietim3
1452 1450 1644 1491 seniores
1672 1465 1831 1499 sumus,

131 1506 450 1561 appropinquat
473 1506 623 1548 mortis
656 1507 744 1549 dies
758 1507 806 1560 32)
841 1507 1114 1564 cogitandum
1147 1510 1210 1550 est
1232 1508 1328 1558 iam,
1352 1523 1439 1550 non
1474 1510 1684 1563 quomodo
1708 1509 1828 1551 viva-

127 1580 233 1618 mus⁷
267 1567 340 1607 sed
365 1567 576 1620 quomodo
600 1567 844 1608 moriamur.
880 1567 1009 1608 Miser
1031 1568 1158 1609 homo
1202 1571 1268 1608 est
1289 1572 1333 1609 et
1355 1568 1520 1622 gratiae
1545 1569 1626 1610 Dei
1668 1583 1829 1623 expers,

129 1624 199 1678 qui
222 1639 306 1665 non
331 1625 559 1680 aliquando
583 1627 634 1667 ad
657 1641 729 1668 001·
751 1626 990 1676 revertitur,
1013 1627 1086 1682 qui
1109 1641 1197 1668 non
1221 1642 1264 1668 se
1287 1627 1571 1683 recognoscit,
1598 1627 1671 1683 qui
1693 1628 1828 1670 vitam

128 1697 213 1724 non
229 1685 426 1726 emendat
450 1700 580 1735 suam,
603 1686 673 1740 qui
696 1702 781 1728 11011
805 1686 980 1742 cogitat,
1003 1690 1100 1739 post
1121 1688 1201 1728 hoc
1225 1687 1440 1728 saeculum
1472 1686 1571 1742 quid
1593 1687 1637 1728 in
1661 1687 1743 1729 alio
1759 1690 1828 1730 sit.

269 1743 377 1799 Ego,
403 1744 457 1786 mi
479 1746 671 1797 Ioannes,
693 1747 802 1789 satis
817 1746 958 1789 erravi
975 1748 1019 1786 et
1032 1746 1215 1787 nimium
1238 1748 1357 1787 satis.
1381 1746 1471 1788 Iam
1487 1761 1552 1788 me
1567 1760 1828 1801 recognosco

129 1806 171 1842 et
193 1802 356 1844 utinam
389 1818 473 1846 non
505 1805 635 1846 tarde.
680 1805 805 1846 Nunc
847 1806 1217 1860 quadragesimale
1255 1806 1376 1847 adest
1397 1809 1581 1861 tempus,
1605 1821 1718 1848 nunc
1741 1806 1828 1848 dies

129 1862 292 1912 salutis,
315 1878 427 1904 nunc
449 1867 619 1919 tempus
644 1864 970 1907 misericordiae.
995 1866 1111 1907 Pone
1135 1869 1256 1907 extra
1270 1868 1457 1906 mentem
1476 1866 1688 1920 puellam:
1713 1865 1828 1922 finge

126 1924 339 1962 mortuam
373 1937 477 1964 esse.
511 1924 729 1979 Numquid
762 1925 891 1966 velles
923 1924 1064 1966 vivere
1082 1928 1100 1965 1²
1134 1925 1234 1979 quid
1262 1927 1339 1974 est,
1362 1926 1474 1978 quod
1501 1939 1597 1966 cum
1619 1939 1667 1966 ea
1689 1925 1826 1978 possis

126 1980 280 2022 habere
314 1982 457 2023 solatii
477 1986 494 2024 ’Β
520 1983 654 2031 Quam
679 1984 816 2025 brevis
841 1986 909 2025 est
931 1985 1145 2038 voluptas,
1171 1999 1277 2039 quae
1301 1999 1395 2024 cum
1418 1983 1662 2025 mulieribus
1684 1984 1828 2025 hauri-

124 2043 217 2081 tur!
251 2056 377 2095 quam
410 2045 754 2084 momentaneum
787 2043 1014 2099 gaudium!
1060 2043 1127 2085 An
1171 2059 1257 2086 non
1303 2043 1406 2084 satis
1452 2043 1608 2084 stultus
1643 2047 1720 2091 est,
1754 2043 1827 2097 qui

125 2103 304 2154 propter
335 2103 594 2156 temporalia
626 2107 668 2144 et
690 2107 988 2144 momentanea
1017 2103 1155 2157 perdit
1187 2108 1391 2145 aeterna?
1410 2102 1525 2144 Haec
1559 2102 1648 2144 dico
1682 2117 1828 2153 secun-

126 2160 224 2199 dum
258 2160 496 2214 theologos,
542 2162 639 2217 quia
673 2176 757 2202 non
790 2163 866 2212 vis,
900 2177 1007 2217 quae
1049 2166 1200 2217 poetae
1237 2162 1392 2212 dicunt,
1436 2161 1590 2203 audire.
1622 2161 1716 2203 Hoc
1760 2165 1826 2203 est

124 2218 367 2269 remedium,
391 2222 502 2273 quod
528 2221 593 2262 hic
617 2222 659 2262 111
687 2223 907 2276 apothecis
930 2222 1146 2264 invenitur
1171 2221 1372 2264 Viennae.
1406 2220 1480 2270 Tu,
1513 2221 1700 2269 obsecro,
1723 2236 1826 2263 ven-

124 2277 214 2319 dica
246 2284 287 2320 te
313 2280 406 2323 tibi,
430 2295 481 2321 ne
506 2295 589 2321 una
620 2284 663 2322 te
707 2282 845 2336 puella
887 2281 1039 2331 vincat,
1075 2296 1199 2336 quem
1222 2280 1294 2322 vix
1316 2280 1547 2334 imperator
1593 2283 1824 2335 superaret.

125 2338 263 2392 Turpe
297 2343 362 2379 est
385 2338 429 2379 in
461 2341 606 2393 parvis
639 2341 920 2391 succumbere,
939 2341 1009 2395 qui
1032 2341 1071 2382 111
1098 2341 1263 2396 magnis
1286 2340 1421 2381 victor
1442 2340 1538 2380 fuit.

267 2398 357 2439 Nec
380 2401 428 2438 tu
452 2399 556 2440 mihi
580 2400 630 2441 de
653 2414 895 2442 successore
919 2415 1030 2442 novo
1054 2400 1229 2442 verbum
1254 2399 1395 2449 facias,
1433 2399 1545 2453 quod
1568 2398 1651 2440 fuit
1684 2397 1825 2440 Ovidii

123 2458 407 2510 remediumst‘)
441 2457 549 2499 Nam
584 2458 681 2514 quid
704 2462 779 2509 est,
803 2475 888 2500 una
912 2460 1086 2501 muliere
1130 2459 1288 2508 relicta,
1333 2473 1473 2499 amare
1497 2457 1634 2506 aliam,
1658 2457 1741 2499 nisi
1773 2472 1824 2498 ex

124 2515 222 2570 igne
256 2519 299 2557 in
333 2516 475 2571 ignem
511 2519 697 2560 saltare?

266 2575 396 2631 Fuge,
450 2578 634 2627 obsecro,
689 2592 813 2618 omne
858 2577 1086 2619 femineum
1131 2591 1288 2631 genus:
1340 2577 1529 2631 relinque
1582 2575 1822 2618 huiusmodi

116 2639 287 2690 pestem.
315 2635 415 2676 (J'nm
439 2638 645 2688 feminam
668 2638 796 2689 vides,
822 2637 1037 2678 diabolum
1069 2651 1160 2678 esse
1186 2635 1558 2690 creditoSedquid
1581 2648 1662 2689 ego
1685 2640 1823 2676 tecum

123 2695 225 2735 haec
248 2694 355 2735 serio
375 2701 392 2734 ’ἐ
417 2694 524 2749 Scio,
548 2698 708 2737 frustra
731 2712 797 2737 me
822 2697 914 2746 fari,
936 2696 1072 2738 verbis
1097 2696 1200 2737 meis
1224 2697 1369 2738 abesse
1392 2696 1533 2736 fidem.
1556 2694 1667 2735 Nam
1683 2698 1730 2734 tu
1748 2708 1824 2743 me,

124 2754 246 2806 pleno
272 2755 502 2806 stomacho,
526 2756 628 2797 reris
664 2756 863 2798 ieiunium
888 2757 1192 2801 commendare,
1215 2755 1382 2806 Fateor,
1417 2752 1708 2795 amantissime
1741 2754 1824 2794 fra-

121 2819 194 2861 ter,
228 2813 381 2867 plenus
405 2830 508 2864 sum,
533 2816 825 2856 stomachatus
859 2831 962 2865 sum,
995 2830 1198 2858 nauseam
1231 2816 1337 2856 mihi
1391 2814 1528 2856 Venus
1568 2813 1678 2865 fecit.
1711 2812 1823 2853 Tum

122 2886 287 2926 quoque
308 2876 345 2913 et
368 2873 472 2915 illud
493 2889 635 2916 rerum
657 2879 728 2923 est,
752 2875 1011 2930 lanfsveseere„
1032 2877 1142 2917 vires
1175 2888 1303 2916 meas.
1337 2872 1465 2914 Canis
1488 2886 1683 2925 aspersus
1717 2886 1823 2924 sum,

266 2989 297 3062 1)ἶ
318 3018 452 3053 Psalm.
483 3019 538 3053 25.
567 3019 597 3053 7.
627 3039 666 3043 —
697 3018 723 3062 ²}
751 3018 851 3052 Cous.
881 3022 943 3053 (lv.
971 3018 1071 3053 Fast.
1099 3018 1159 3053 VI.
1188 3018 1268 3054 771.
1295 3016 1374 3051 772.
1402 3035 1444 3039 —
1472 3013 1819 3059 3ᾗ1110111011.311101·18

120 3068 201 3101 462.
230 3069 323 3102 conf.
351 3069 388 3100 et
415 3066 613 3101 494—486.
