2007 3242
1616 332 1689 374 IX

273 473 500 515 Lectiones
554 472 706 514 codicis
738 472 920 527 palatini
966 472 1296 515 vindobonensis
1330 474 1456 516 3148.
1490 475 1512 514 t·
1539 473 1606 515 98.
1651 474 1686 514 b.

129 559 183 564 —
219 534 314 574 113.
349 547 384 575 a.
417 533 497 574 sub
534 531 608 588 „V.
643 537 703 574 a.“
740 531 892 574 codicis
940 547 1039 574 vero
1074 533 1200 573 3205.
1234 535 1260 573 1.
1296 533 1364 574 61.
1399 547 1432 573 a.
1477 558 1523 563 —
1557 532 1625 573 81.
1647 533 1686 573 b·

131 593 208 634 sub
247 591 323 648 „V.
356 592 420 633 b.“
456 594 503 634 in
534 591 791 634 lectionibus
838 590 1100 633 variantibus
1153 592 1323 633 notabo,
1368 591 1431 633 De
1477 591 1690 634 codicibus

127 652 195 694 his
228 650 403 694 inferius
437 665 658 705 exponam.

269 710 329 751 De
353 709 442 753 Car.
465 709 635 752 Hutten
657 709 939 752 translatione
963 723 1151 764 german.
1177 709 1314 764 Leipz.
1342 710 1466 752 1900.
1482 709 1684 760 Laudien,

126 772 314 813 tractavi
330 768 618 812 inzZeitschr.
636 770 705 811 fiir
719 770 848 823 vergl.
871 769 976 811 Litt.
999 768 1146 810 Gesch.
1171 769 1373 820 lVeimar,
1394 769 1517 811 1896.
1534 785 1573 824 p.
1591 770 1689 813 495.

273 947 385 997 Quia
436 949 639 1001 opusculo
692 947 790 989 huic
841 948 1003 988 multae
1037 946 1184 987 insunt
1216 944 1452 1001 elegantiae
1485 945 1690 999 poeticae,

126 1019 231 1059 quas
263 1008 430 1048 Aeneas
463 1010 623 1056 noster,
654 1007 904 1060 plerumque
938 1007 989 1047 ad
1021 1005 1196 1047 verbum
1229 1020 1281 1046 ex
1304 1005 1518 1047 veteribus
1543 1009 1692 1047 aucto-

126 1065 254 1113 ribus,
281 1062 286 1066 ’
317 1065 480 1116 Boetio‚
544 1066 732 1118 Catullo,
784 1065 980 1115 Horatio,
1032 1064 1236 1114 iuvenali,
1270 1064 1454 1114 Lucano,
1487 1064 1688 1118 Martiali,

128 1123 290 1176 Ovidio,
346 1126 530 1175 Pedone,
582 1125 752 1176 Plauto,
798 1124 1041 1178 PropertiO,
1087 1123 1255 1175 Seneca,
1290 1122 1443 1174 Statio,
1474 1123 1688 1174 Terentio,

125 1182 330 1239 VergiliO,
395 1199 524 1238 porro
573 1200 593 1225 e
646 1184 836 1236 Donato,
888 1184 1165 1238 Hieronymo,
1219 1182 1407 1237 Hygino,
1471 1183 1686 1231 Petronio,

128 1241 286 1293 Servio,
319 1244 390 1299 (ad
422 1243 678 1299 Vergilium)
732 1244 1043 1298 Theophrasto,
1096 1246 1189 1297 (per
1242 1242 1423 1296 Hieron)
1470 1257 1520 1283 ex
1553 1242 1688 1285 veteri

125 1305 400 1352 testamento,
464 1303 692 1345 Boccaccio
739 1308 783 1345 et
827 1317 847 1344 e
880 1302 1253 1351 Pantschatantra,
1315 1302 1522 1344 historiae
1586 1316 1687 1343 suae

127 1362 331 1404 admiscet
393 1363 509 1413 adeo,
570 1365 621 1403 ut
653 1362 743 1405 iure
795 1361 932 1404 dicere
995 1362 1220 1418 possimus,
1283 1361 1514 1403 historiam
1575 1360 1686 1402 hanc

127 1425 336 1465 centonem
368 1423 589 1465 variormn
622 1437 725 1471 esse,
759 1423 830 1464 sed
862 1437 1089 1476 nusquam,
1134 1421 1298 1463 duobus
1332 1420 1522 1475 exceptis
1568 1421 1686 1469 lociS,

127 1481 261 1522 fontis
294 1482 553 1523 mentionem
606 1482 723 1531 facit,
777 1481 885 1537 quod
929 1485 1025 1524 ante
1067 1495 1143 1533 me,
1177 1495 1293 1523 nemo
1328 1480 1459 1522 adhue
1491 1480 1687 1522 animad—

126 1542 263 1593 vertit,
299 1545 374 1583 aut
405 1543 752 1593 commemoravit,
806 1555 857 1583 ne
890 1539 1099 1596 Gemmas
1142 1541 1309 1595 quidem
1350 1540 1487 1595 Voz‘yt,
1523 1540 1571 1580 de
1604 1554 1685 1593 quo

129 1601 177 1640 111
209 1600 471 1642 dedicatione
503 1601 763 1642 mentionem
815 1600 908 1650 feci,
928 1600 1010 1655 vqui
1055 1600 1245 1641 Aeneam
1279 1602 1476 1641 nostrum
1510 1613 1560 1639 ex
1594 1613 1687 1639 asse

129 1658 276 1715 novit3
308 1663 570 1714 quapropter
615 1660 780 1702 Lucret.
823 1659 876 1704 V.
908 1660 1004 1700 337.
1040 1660 1136 1700 338.
1170 1658 1258 1700 fere
1291 1659 1343 1699 ad
1374 1673 1440 1699 me
1472 1657 1686 1712 pertinere

126 1720 284 1772 potest.
318 1719 399 1768 Qui
430 1719 512 1761 loci
565 1719 707 1771 etiam,
761 1718 923 1760 duobus
977 1718 1162 1772 exceptis
1193 1716 1468 1766 hexametris,
1503 1731 1686 1771 quorum

127 1776 337 1833 originem
391 1778 586 1820 absoluto
639 1779 865 1834 quondam,
898 1778 991 1824 (sed
1033 1779 1149 1819 certe
1182 1777 1380 1819 deficient
1423 1776 1567 1830 vires),
1600 1775 1686 1817 iam

126 1836 328 1880 inchoato
362 1852 488 1892 opere
520 1852 639 1880 meo:
696 1837 1060 1893 „Concordantiae
1109 1840 1292 1879 veterum
1326 1839 1552 1890 poetarum
1585 1835 1685 1877 lati-

124 1902 312 1948 norum,“
351 1897 581 1952 inveniam,
610 1898 723 1939 unde
755 1897 841 1938 sint
873 1895 1347 1950 sumpti,—-constitui,
1369 1895 1411 1937 in
1433 1894 1685 1936 lectionibus

127 1955 255 1997 variis
318 1956 530 2004 adnotavi,
593 1959 828 2010 separatim
890 1958 1034 1997 autem
1088 1955 1161 1996 IX.
1214 1955 1312 1996 Kal.
1345 1954 1447 1996 Iulii
1479 1956 1529 1996 A.
1563 1953 1619 1996 D.
1654 1953 1687 1996 I.

125 2013 285 2057 MCMI·
339 2031 390 2058 ex
440 2019 526 2058 mei
578 2016 742 2058 musaei
784 2014 975 2057 tenebris
1008 2015 1193 2069 primum
1227 2014 1271 2055 in
1302 2014 1439 2055 lucem
1470 2013 1685 2067 publicam

126 2075 360 2117 evolarunt.
404 2075 636 2130 Exemplar
668 2076 764 2117 huic
796 2074 973 2117 editioni
1005 2075 1208 2128 adiungo.
1517 2102 1519 2104 v

270 2134 378 2183 Quia
410 2138 552 2177 autem
586 2135 839 2189 opusculum
870 2134 965 2185 hoc,
998 2133 1253 2188 praesertim
1285 2132 1336 2173 ad
1368 2133 1510 2179 finem,
1538 2133 1685 2186 aptum

128 2194 180 2234 ad
209 2196 519 2247 permovendos
553 2194 729 2244 animos,
762 2208 878 2236 more
909 2193 1047 2247 poetis
1078 2191 1439 2247 frequentissimo,
1476 2190 1683 2244 scriptum

127 2255 220 2294 est:
254 2267 341 2294 non
372 2254 495 2295 rebar
527 2268 679 2303 errare,
712 2253 746 2295 si
790 2252 946 2295 notitia
997 2252 1168 2308 lingvae
1224 2251 1394 2301 latinae,
1427 2265 1543 2304 quae,
1576 2250 1685 2304 proh

127 2312 269 2354 dolor!
302 2312 346 2353 in
377 2313 466 2355 dies
499 2312 738 2359 obsolescit.
785 2312 825 2354 in
863 2312 1214 2363 emolumentum,
1267 2309 1609 2351 adhortationem
1642 2312 1685 2350 et

126 2371 452 2412 delectationem
506 2387 663 2422 eorum,
716 2372 790 2426 qui
839 2371 1032 2427 lingvam
1083 2370 1262 2411 latinam
1306 2384 1392 2411 non
1426 2369 1593 2417 callent,
1628 2393 1684 2398 ——
1727 2394 1733 2399 -

84 2435 101 2457 -’
127 2430 337 2480 abuterer,
390 2430 433 2472 in
487 2432 682 2487 lingvam
734 2433 1024 2487 germanicam
1076 2432 1287 2471 verterem
1320 2432 1362 2470 et
1393 2427 1494 2469 iuris
1527 2427 1685 2482 publici

126 2489 332 2544 facerem,
366 2505 453 2532 non
486 2490 539 2531 ob
572 2493 619 2532 111
648 2491 728 2532 hac
760 2489 940 2532 historia
972 2492 1196 2531 contentas
1230 2487 1555 2539 obscoenitates,
1572 2499 1681 2540 quae

126 2548 268 2590 animo
302 2563 397 2590 meo
429 2549 686 2599 renituntur,
720 2550 833 2603 quod
865 2549 1073 2603 omnibus,
1105 2547 1176 2603 qui
1194 2562 1260 2589 me
1273 2549 1468 2597 noscunt,
1491 2560 1683 2599 compro-

125 2608 275 2649 batum
308 2611 372 2650 est
405 2612 460 2655 et,
493 2608 592 2662 quia
651 2609 809 2650 mundo
872 2608 1014 2650 omnia
1076 2608 1255 2648 munda:
1287 2631 1343 2637 —
1376 2606 1449 2646 sed
1510 2607 1685 2659 propter

127 2667 333 2709 moralem
375 2682 514 2717 usum,
566 2667 724 2708 multas
776 2667 1114 2721 pulchritudines
1166 2665 1353 2720 poeticas
1398 2668 1440 2705 et
1471 2663 1683 2705 admixtas

122 2740 194 2768 res
228 2729 372 2782 gestas
404 2726 643 2780 historicas,
696 2741 800 2780 quas
845 2725 1020 2780 quisque
1065 2725 1225 2779 absque
1258 2723 1435 2778 negotio
1480 2724 1683 2765 inveniet.

271 2784 441 2834 Quanta
494 2785 712 2827 alacritate
767 2789 990 2839 exceptum
1039 2784 1316 2839 perlegebam
1367 2783 1481 2824 hunc
1512 2781 1681 2831 librum,
