2007 3242
207 355 266 397 Vl
275 355 315 397 11

205 501 374 539 tomum
426 497 537 537 hunc
593 495 746 550 accepi.
800 494 1042 538 Translatio
1096 496 1210 550 haec,
1255 510 1512 550 quamquam
1543 494 1587 537 in
1619 495 1768 551 lingva

205 571 316 598 nunc
379 556 571 598 obsoleta
629 554 755 597 medii
817 554 911 598 aevi
944 555 1197 611 germanica,
1243 556 1380 610 plures
1413 555 1530 596 locos
1564 555 1766 597 obscuros

207 615 312 657 mihi
345 614 602 669 explanavit,
636 614 738 669 quia
770 615 1100 665 accuratissima,
1133 614 1233 656 hinc
1265 614 1360 656 inde
1388 613 1648 662 abbreviata,
1670 614 1765 656 aliis

208 674 363 716 iterum
397 675 442 715 in
473 674 577 715 locis
609 673 780 728 longius
813 675 1034 728 producta.

347 734 468 774 Inter
521 733 726 774 Ludovici
778 732 933 775 Achim
966 734 1014 775 de
1047 732 1196 774 Arnim
1247 732 1513 775 narrationes
1577 733 1766 781 selectas,

208 792 531 847 (Ausgewiihlte
565 792 792 841 Novellen,
826 792 984 842 Berlin,
1016 793 1066 834 A.
1100 790 1319 833 Hofmann
1351 793 1437 834 und
1460 791 1603 847 Comp.
1642 792 1765 834 1853.

204 857 233 894 t.
267 852 321 894 II.
354 867 392 906 p.
430 852 526 894 129.
559 854 661 907 seq.)
695 851 874 893 historia
906 851 1010 894 haec
1043 866 1210 906 quoque
1243 851 1439 901 occurrit,
1487 852 1563 894 sub
1616 851 1765 893 inseri*

204 911 376 965 ptione:
434 911 611 963 „Eurial
662 912 747 952 und
770 911 978 952 Lucretia.
1021 909 1417 965 Liebesgeschichte
1450 911 1523 952 des
1556 911 1766 953 Kanzlers

205 970 377 1013 Schlick
408 971 497 1012 und
529 971 603 1012 der
635 970 822 1012 schonen
856 969 1084 1020 Sienerin‚“
1121 994 1176 1000 ——
1211 971 1284 1011 sed
1317 970 1438 1011 valde
1471 971 1702 1024 depravata
1723 976 1766 1011 et

205 1030 491 1085 interpolata3
524 1029 816 1071 verisimiliter
849 1045 899 1071 ex
932 1029 1122 1072 versione
1154 1028 1321 1084 Weylii,
1343 1029 1441 1083 quia
1462 1030 1597 1071 multa
1617 1029 1764 1071 verba-

202 1089 446 1142 germanica
480 1089 669 1130 obsoleta
700 1089 888 1131 retinuit.

346 1149 436 1190 lam
490 1153 593 1190 tunc
646 1147 862 1203 temporis,
895 1149 940 1190 in
979 1147 1196 1203 prooemio
1243 1149 1295 1189 ad
1328 1147 1564 1190 versionem
1597 1161 1764 1202 germa-

203 1208 342 1249 nicam
393 1223 541 1258 meam,
597 1208 873 1251 confirmavi:
906 1207 1013 1249 mihi
1065 1207 1211 1257 videri,
1259 1207 1394 1258 illum,
1428 1207 1500 1262 qui
1532 1207 1764 1249 historiam

203 1267 332 1309 toties
384 1269 677 1317 memoratam,
730 1267 774 1309 in
828 1269 1120 1322 germanicam
1173 1270 1359 1308 verterat
1402 1266 1602 1321 lingvam,
1636 1281 1765 1321 quam

204 1326 328 1368 nobis
363 1327 560 1370 Halmius
592 1327 778 1381 praebet,
810 1327 1096 1369 Alemannum
1110 1326 1252 1376 fuisse,
1270 1326 1594 1381 comprobatum
1609 1325 1763 1368 inveni.

203 1386 331 1433 Nam,
363 1387 558 1441 superius
612 1387 808 1429 laudatus
861 1386 1023 1427 Ludov.
1067 1386 1312 1428 Rosenthal
1345 1385 1624 1428 libentissime
1657 1385 1762 1426 mihi

203 1447 406 1487 utendam
461 1446 582 1488 misit
634 1446 762 1488 huius
815 1445 1018 1487 historiae
1051 1446 1291 1487 versionem
1323 1445 1616 1499 germanicam,
1649 1460 1761 1486 anno

207 1505 360 1547 1462-
385 1505 543 1546 factam
595 1520 674 1560 per
725 1505 861 1548 Nicol.
925 1505 1059 1560 Weyl,
1096 1504 1275 1546 scribam
1309 1504 1625 1560 esslingensem,
1663 1505 1763 1556 „sed

200 1568 350 1614 nunc,“
389 1566 556 1619 (1550.)
612 1565 687 1616 „de
731 1579 846 1607 novo
879 1564 1078 1613 editam,“
1127 1578 1218 1607 cum
1262 1565 1418 1620 signaris
1451 1565 1564 1620 liquo
1598 1565 1762 1615 incisis,

202 1638 290 1665 non
322 1627 412 1665 tam
444 1623 644 1679 pulchris,
678 1639 806 1678 quam
839 1624 982 1678 potius
1015 1623 1124 1678 aptis
1142 1625 1193 1665 ad
1208 1624 1452 1665 alliciendos
1477 1623 1762 1678 spectantium

201 1682 377 1732 animos,
430 1685 481 1725 de
536 1683 689 1737 quibus
743 1683 843 1725 alibi
896 1683 1076 1725 referam
1108 1685 1152 1724 et
1196 1697 1377 1737 quarum
1431 1683 1637 1737 exempla,
1670 1683 1762 1724 luce

198 1742 379 1796 depicta,
412 1744 668 1785 concedente
702 1743 858 1784 Ludov.
893 1743 1142 1792 Rosenthal,
1176 1743 1381 1798 opusculo
1408 1742 1505 1784 huic
1528 1743 1759 1784 adnectam.

201 1801 384 1858 Iniungo
439 1803 645 1857 opusculo
698 1802 800 1844 huic
853 1803 988 1844 adhuc
1040 1803 1146 1844 duas
1199 1801 1430 1857 imagines:
1484 1802 1761 1843 Aristotelem

201 1875 353 1916 nempe
389 1867 431 1903 et
465 1862 725 1912 Samsonem,
759 1877 866 1916 quae
901 1862 952 1903 ad
984 1862 1190 1916 exempla,
1222 1861 1534 1915 Norimbergae
1548 1861 1589 1903 in
1615 1875 1760 1902 museo

199 1921 445 1975 germanico
480 1921 709 1963 existentia
726 1923 838 1963 vitro
871 1921 1188 1975 impicta,—vi
1201 1920 1398 1962 electrica
1431 1919 1516 1962 aeri
1549 1919 1703 1961 incisas
1737 1935 1761 1960 a

197 1980 370 2022 domino
403 1980 654 2022 I.[.lVeber
668 1980 837 2033 Lipsiae
871 1980 951 2022 emi
978 1981 1143 2022 Harum
1176 1981 1367 2035 exempla
1400 1978 1528 2021 etiam
1559 1979 1758 2021 inhuius:

203 2038 457 2092 „Illustrirte
490 2039 676 2094 Zeitung
713 2041 776 2081 12.
808 2039 928 2082 Junii
963 2041 1085 2081 1902.
1121 2039 1198 2080 sub
1220 2054 1400 2081 numero
1416 2039 1541 2080 3076.
1557 2038 1758 2080 invenies.

343 2098 516 2141 Contuli
547 2101 660 2141 hunc
691 2103 856 2140 textum
890 2114 985 2141 cum
1018 2104 1229 2154 excerpto,
1245 2098 1358 2153 quod
1371 2098 1474 2140 mihi
1498 2113 1548 2139 ex
1574 2097 1759 2140 editione

199 2157 375 2208 Halmii,
409 2159 715 2214 exscripseram
749 2162 791 2200 et
823 2159 981 2208 inveni,
1015 2173 1123 2209 eum,
1156 2173 1264 2209 cum,
1287 2158 1375 2199 fere
1399 2157 1616 2199 saeculum
1648 2157 1760 2199 inter

200 2219 444 2259 versionem
478 2218 630 2271 Weylii
664 2222 707 2260 et
740 2218 966 2259 editionem
998 2218 1108 2259 hanc
1142 2218 1386 2272 (secundam
1402 2219 1440 2271 P)
1470 2217 1759 2259 intercesserit

199 2279 243 2316 et
275 2280 503 2332 propterea
560 2278 602 2318 in
656 2278 734 2319 hac
766 2277 1001 2332 posteriore
1034 2278 1186 2331 lingva
1219 2291 1387 2331 quoque
1419 2280 1613 2330 tempore
1646 2291 1758 2318 com-

199 2340 364 2377 mutata
416 2339 487 2386 sit,
535 2352 610 2390 per
642 2337 863 2379 Halmium
895 2337 1018 2378 nobis
1050 2339 1345 2379 conservatam
1380 2335 1616 2377 versionem
1649 2335 1756 2377 veri-

199 2394 408 2437 simillime
443 2395 603 2450 XVeylii
635 2411 738 2446 esse,
770 2410 871 2451 ergo
906 2421 959 2426 —
993 2411 1070 2450 per
1103 2396 1387 2437 Alemannum
1420 2421 1476 2425 —
1508 2395 1757 2436 confectam.

341 2455 576 2505 Postremo,
637 2455 846 2510 permissu
908 2454 1206 2497 liberalissimo
1271 2453 1349 2496 viri
1413 2453 1660 2508 amplissimi
1693 2454 1753 2495 dr.

202 2511 407 2556 Gulielmi
468 2515 635 2567 [Iao-tel,
700 2514 868 2569 equitis,
932 2514 1155 2556 directoris
1217 2512 1500 2555 bibliothecae
1533 2528 1635 2556 caes.
1667 2526 1755 2566 reg.

201 2572 362 2614 aulicae
396 2573 740 2622 vindobonensis,
774 2574 841 2615 vir
874 2573 1144 2615 doctissimus
1177 2573 1254 2614 Dr.
1286 2573 1525 2627 Alphredus
1562 2571 1758 2615 Goelcllz'n

197 2631 247 2673 de
281 2633 503 2685 Tiefenau,
536 2637 679 2676 custos
714 2632 899 2675 eiusdem
931 2631 1222 2683 bibliothecae,
1255 2632 1528 2674 comitissime
1572 2630 1756 2673 contulit

198 2690 312 2732 locos
366 2692 579 2743 obscuros,
632 2692 703 2747 qui
756 2692 892 2734 adhuc
955 2691 1246 2747 manuscripto
1308 2705 1402 2733 meo
1447 2690 1628 2739 inerant,
1660 2703 1756 2731 cum

201 2750 368 2792 duobus
433 2766 560 2793 manu
623 2751 794 2805 scriptis
860 2751 1076 2794 codicibus
1109 2751 1170 2794 ibi
1202 2749 1493 2802 exstantibus3
1552 2748 1758 2791 lectiones

198 2809 340 2851 varias
373 2809 463 2866 ipse
498 2811 722 2866 exscripsit
755 2813 798 2852 et
831 2826 995 2853 mecum
1029 2808 1367 2853 communicavit.
