1970 3344
1632 276 1633 279 ,
1658 235 1762 278 XIX

200 372 302 414 Non
335 387 511 426 possum
533 372 602 414 hic
623 372 974 427 praetermittere,
998 375 1104 427 quin
1125 374 1307 416 duorum
1330 375 1591 418 mentionem
1613 376 1763 418 faciam

59 435 338 482 tractatuum,
362 431 435 486 qui
458 432 506 473 de
530 433 756 485 Anonymo
780 434 821 473 et
845 432 893 474 de
908 432 1084 474 Pootsio
1106 436 1255 487 agunt.
1290 433 1463 485 Prioris,
1496 435 1569 490 qui
1592 435 1631 477 in
1650 451 1763 478 com-

60 491 304 534 mentariis:
341 490 590 547 „Egyetemi
616 490 870 545 philologiai
894 492 1116 546 kozlony,“
1144 492 1370 547 Budapest.
1393 494 1516 535 1890.
1540 509 1638 550 pag.
1663 496 1760 537 645.

60 566 176 606 seqq.
194 557 239 592 et
259 565 354 606 pag.
379 550 474 595 769,
497 564 612 604 seqq.
635 548 739 590 iuris
759 550 915 604 publici
930 550 1070 592 factus
1094 554 1170 601 est,
1194 557 1411 594 auctorem
1433 553 1560 595 habet
1574 554 1760 598 Bartho-

59 612 264 654 lomaeum
295 609 486 652 Matirko
519 611 740 659 minorem,
773 609 846 663 qui
878 613 1112 651 tractatum
1144 611 1258 652 hunc
1291 611 1385 653 dein
1418 612 1691 655 Leutschovii
1724 629 1760 655 a.

62 670 186 712 1891.
219 673 270 710 ut
300 668 634 723 disputationem
667 668 966 722 inauguralem
999 669 1139 712 edidit.

199 741 253 782 In
275 739 438 782 laudati
464 738 746 795 „Philologiai
768 740 976 794 ΙςόΖΙὸΠῩα
1004 754 1098 795 pag.
1123 741 1222 783 645.
1249 756 1373 783 versu
1392 744 1427 784 3.
1448 742 1548 785 dicit
1575 741 1760 785 Aeneam

59 801 183 844 Senis
205 803 355 841 natum
378 811 495 850 esse3
519 798 616 840 dein
640 799 690 840 ad
713 799 868 840 calcem
889 799 1074 853 paginae
1098 801 1286 842 eiusdem
1309 801 1437 843 dicit:

200 871 365 926 „Quare
386 869 640 912 Franciscus
656 870 830 923 Toldy,“
851 871 919 926 (de
943 885 1025 924 quo
1047 870 1244 926 superius
1268 885 1365 926 pag.
1380 871 1429 913 X.
1447 877 1490 914 et
1505 888 1632 927 quem
1647 873 1758 916 inter

58 930 310 985 praecipuos
332 929 576 971 litterarum
610 936 843 971 assertores
876 933 1179 983 numeramus,)
1217 932 1502 986 „opusculum
1534 932 1653 982 hoc,“
1688 934 1759 989 (de

57 990 226 1033 duobus
249 988 508 1040 amantibus)
546 989 758 1044 „fabulam
781 1003 1079 1030 romanensem
1101 989 1292 1031 versibus
1317 991 1525 1033 inclusam
1548 992 1677 1045 dicat,
1692 993 1760 1034 vix

58 1048 323 1104 argumentis
346 1048 588 1090 confirmari
610 1054 771 1102 posse,“
800 1048 908 1090 Ecce
932 1048 1170 1103 discipulus
1186 1064 1313 1104 supra
1326 1050 1603 1108 magistrum!
1626 1051 1759 1093 Prout

61 1107 290 1164 Anonymi,
322 1110 383 1150 sic
416 1110 459 1149 et
490 1107 653 1150 Pootsii
687 1123 794 1163 opus
828 1108 1022 1150 versibus
1055 1109 1264 1150 inclusum
1293 1107 1363 1151 'est
1385 1113 1428 1151 et
1450 1110 1567 1164 operi
1589 1111 1758 1153 Aeneae

56 1183 203 1212 versus
230 1170 439 1222 quantum
473 1166 577 1208 satis
609 1167 766 1208 insunt.
791 1167 909 1223 Ergo
926 1170 945 1208 Ρ

197 1238 299 1294 Pag.
323 1238 419 1280 648.
443 1254 480 1280 v,
505 1239 572 1280 22.
595 1237 776 1293 legitur:
805 1238 946 1293 „quod
966 1238 1187 1289 honores‚“
1215 1239 1333 1281 loco:
1371 1243 1540 1294 ‚,quot.“

196 1298 360 1339 Ibidem
392 1313 429 1340 v.
458 1298 525 1343 26.
553 1298 629 1348 „ad
654 1296 936 1353 Cophorum.“
964 1297 1076 1347 Quid
1100 1298 1213 1339 hoc?
1238 1297 1423 1341 Videtur
1445 1298 1640 1341 Matirko
1664 1304 1757 1342 tan-

58 1362 150 1400 tum
171 1357 400 1399 editionem
425 1356 617 1411 Hopperi
640 1356 808 1412 legisse,
823 1356 924 1411 quia
937 1356 979 1398 in
996 1357 1136 1399 codice
1151 1356 1371 1406 Badiam),
1390 1372 1513 1412 quem
1539 1374 1637 1414 qag.
1661 1361 1759 1402 645.

53 1418 368 1468 commemorat,
382 1419 431 1457 ut
445 1421 488 1458 et
502 1416 547 1457 in
569 1416 710 1458 codice
727 1415 928 1473 Gervasii,
943 1431 1068 1471 quem
1083 1431 1169 1458 non
1184 1417 1335 1468 noscit,
1354 1418 1636 1472 „tophorum“
1658 1423 1758 1461 stat.

52 1477 227 1527 Neuter,
249 1490 325 1517 nec
347 1475 587 1530 Hopperus,
610 1490 686 1517 nec
720 1475 908 1517 Matirko
944 1476 1232 1527 recordantur,
1268 1477 1405 1518 medio
1439 1492 1544 1519 aevo
1567 1477 1756 1521 litteram

54 1537 88 1580 Τ
110 1536 154 1579 in
175 1535 314 1577 forma
340 1539 425 1593 „T
435 1536 453 1558 “
481 1535 608 1577 scribi
624 1535 798 1578 solitam
821 1549 914 1576 esse
931 1538 974 1576 et
989 1535 1047 1577 sic
1069 1535 1191 1577 facile
1207 1537 1324 1578 loco:
1345 1537 1639 1592 „tophorum,“
1663 1553 1757 1591 „co-

53 1596 263 1650 phorum“
289 1596 519 1649 legebatur.
541 1594 705 1637 Neuter
727 1594 907 1649 cupidus
930 1594 1027 1646 tuit,
1051 1595 1150 1649 quid
1165 1611 1263 1637 nam
1285 1610 1360 1650 per
1381 1611 1553 1640 vocem:
1572 1598 1756 1653 „copho-

52 1657 174 1697 rum“
201 1654 305 1696 velit
329 1654 410 1696 sibi
432 1653 680 1710 significari.
704 1654 915 1703 Quoniam
954 1653 1257 1696 incunabulum
1291 1670 1430 1697 meum
1456 1657 1751 1710 „tophorum,“

53 1714 283 1769 Hopperus
317 1717 484 1755 autem:
513 1713 808 1768 „Cophorum“
836 1713 975 1763 habet,
1001 1713 1151 1768 scripsi
1187 1713 1327 1756 Senas.
1365 1714 1443 1756 Vir
1486 1716 1755 1758 doctissimus

51 1773 126 1815 Dr.
151 1773 368 1828 Iosephus
387 1773 560 1823 Dabala,
581 1772 851 1827 praepositus
873 1773 1225 1827 lyceo-gymnasii
1241 1773 1452 1821 Senensis,
1476 1775 1548 1829 qui
1568 1774 1609 1816 in
1632 1791 1755 1831 prae-

51 1833 190 1875 sentia
203 1831 324 1874 Vtini
346 1831 472 1874 simili
494 1832 692 1886 fungitur
714 1847 902 1884 munere,
926 1832 1209 1874 libentissime
1232 1848 1298 1874 me
1322 1834 1503 1885 edocuit,
1526 1836 1753 1889 legendum

50 1906 168 1934 esse:
197 1892 490 1947 „tophorun1,“
529 1891 723 1947 (genitiv.
751 1893 859 1945 plur.
902 1905 949 1933 a:
988 1893 1221 1947 „tophus“)
1245 1892 1343 1947 quia
1361 1897 1488 1947 porta
1514 1893 1584 1935 illa
1609 1895 1754 1937 hodie*

50 1953 175 1994 dum:
203 1952 271 2006 „la
293 1955 420 2006 porta
440 1953 508 1993 dei
532 1951 667 2005 tuffi,“
695 1951 1048 2006 (Tuffsteinthor)
1073 1951 1202 1993 audit.

193 2023 283 2078 Pag
321 2023 417 2064 649.
440 2039 475 2064 v.
501 2023 536 2062 2.
566 2022 791 2075 „Paridem
815 2022 1116 2077 perquietem,“
1145 2023 1258 2065 loco:
1284 2038 1386 2078 „per
1408 2023 1630 2078 quieten1.“

192 2082 355 2123 Ibidem
372 2098 406 2123 v.
423 2083 459 2123 7.
478 2082 799 2136 „Ortesiahozst
827 2082 984 2124 iterum
1000 2097 1053 2123 ex
1067 2081 1278 2136 Hoppero,
1303 2082 1476 2137 (Ortesii
1491 2083 1578 2124 filia
1593 2085 1619 2138 1)
1636 2084 1727 2125 loco
1743 2098 1751 2125 :

54 2141 427 2196 „Hortensia-hoz.
437 2146 451 2162 “

187 2201 289 2256 Pag.
314 2201 410 2241 650.
434 2216 472 2244 v,
503 2200 568 2242 13.
596 2201 849 2255 „pe1·fiens,“
874 2201 989 2242 loco:
1018 2201 1262 2254 „perflent.“

188 2260 290 2314 Pag.
316 2260 411 2301 651.
435 2275 471 2300 v.
497 2261 563 2302 22).
591 2260 972 2314 „Maecenerates.“
1000 2260 1178 2315 Hopper
1201 2260 1354 2301 habet:
1402 2261 1746 2313 „Macenerates“

51 2319 165 2372 quod
187 2322 330 2360 tamen
354 2333 475 2360 aures
499 2319 757 2361 Matirkonis
792 2319 1005 2360 modicum
1038 2320 1227 2369 laeserat,
1264 2334 1388 2375 ergo:
1420 2320 1749 2362 Maecenerates.

49 2380 174 2418 Anno
212 2378 332 2418 1571.
376 2379 581 2422 eiusmodi
614 2379 868 2435 typoyraphi
890 2380 1089 2420 mendum
1123 2382 1186 2421 est
1210 2379 1470 2433 excusabile3
1506 2381 1578 2421 sed
1601 2385 1751 2422 nostra

48 2441 189 2478 aetate
213 2437 279 2478 hic
301 2437 360 2478 nil
383 2438 672 2480 excusationis
694 2438 835 2480 habet.

192 2508 292 2561 Pag.
317 2508 401 2548 652
437 2523 473 2549 v.
501 2509 684 2554 19—23.
719 2509 818 2550 Non
854 2509 1061 2563 Euryalus
1080 2508 1303 2550 Lucretiae
1324 2524 1489 2551 crucem
1512 2510 1641 2561 misit,
1676 2513 1748 2552 sed

48 2582 138 2609 v1ce
172 2582 304 2608 versa.
540 2597 545 2601 ,

190 2627 296 2679 Pag.
321 2626 421 2670 653.
445 2641 481 2666 v,
505 2626 571 2666 21.
599 2628 676 2680 „de
701 2627 859 2668 auratis
883 2627 1021 2669 ioliis“
1050 2629 1168 2669 loco:
1199 2627 1477 2680 „deauratis.“

189 2685 354 2728 Ibidem
378 2701 418 2727 V.
444 2686 510 2726 32.
540 2687 684 2739 „cum“
711 2687 826 2728 loco:
857 2690 1001 2736 „anu.“

189 2745 296 2800 Pag.
319 2746 416 2787 654.
440 2760 477 2786 v.
503 2745 538 2785 5.
565 2743 689 2787 dicit:
712 2745 926 2798 Anonymi
959 2760 1103 2786 versus
1136 2746 1380 2787 910-912,
1406 2747 1579 2788 omnino
1620 2747 1746 2789 huius

48 2817 162 2858 esse3
187 2805 258 2845 sed
282 2804 435 2861 legesis
469 2818 576 2858 rogo
610 2804 745 2845 lector
776 2804 980 2845 benevole
1005 2803 1115 2858 Hop.
1138 2819 1231 2859 pag.
1259 2806 1355 2847 636.
1381 2821 1419 2847 V.
1444 2806 1512 2848 48.
1536 2810 1578 2847 et
1620 2806 1746 2847 huius

48 2862 244 2904 editionis
267 2878 366 2920 pag.
385 2864 452 2905 34.
466 2879 500 2905 v.
527 2864 589 2904 15.
617 2877 729 2918 „non
751 2863 873 2904 facile
897 2863 1147 2915 custoditur,
1172 2865 1284 2917 quod
1307 2880 1330 2905 a
1353 2863 1545 2919 pluribus
1568 2868 1749 2918 amatur,

47 2921 116 2962 vel
137 2923 429 2976 impugnatur.
438 2927 456 2944 ‘⁶
1025 2957 1029 2964 .

185 2980 349 3023 Ibidem
371 2997 405 3023 v.
432 2983 498 3022 22.
525 2982 826 3037 „minutalem“
855 2982 974 3023 loco:
1002 2981 1242 3034 „minutal.“

186 3038 286 3094 Pag.
310 3042 406 3083 655.
433 3056 469 3082 V.
495 3044 531 3082 2.
561 3040 755 3093 „Sosias“
782 3041 873 3082 loco
901 3041 1173 3093 „Pandalus.“

184 3097 285 3152 Pag.
309 3100 405 3141 774.
428 3115 463 3141 v.
492 3101 554 3141 12.
577 3103 735 3150 narrat,
759 3099 952 3142 Potsium
975 3102 1159 3151 cantare,
1200 3100 1440 3142 Lucretiam
1472 3100 1744 3153 bombycibus

1651 3181 1695 3215 2*
