1988 3344
160 155 218 196 56

638 296 833 351 Epistola
866 298 931 339 82.
965 298 1112 354 (Num.
1148 314 1232 341 cur.
1269 301 1397 356 165.)

303 357 515 398 Fortunae
549 356 732 412 qualitas
765 372 840 398 cur
873 371 957 399 non
991 357 1188 400 omnibus
1223 359 1281 401 sit
1314 360 1515 415 aequalis

303 417 469 458 Aeneas
503 415 671 471 Sylvius
703 420 842 470 poeta,
875 416 1029 459 Ioanni
1062 416 1292 473 Campisio,
1324 420 1569 474 praestanti
1595 420 1865 477 philosopho,

160 491 191 516 s.
224 490 264 530 p.
297 475 333 517 d.
367 476 541 517 Attulit.
584 478 657 517 &c

303 546 371 588 Tu
405 546 749 601 Rhamnusiarffl)
781 547 937 603 arguis,
970 548 1081 602 quod
1113 547 1192 590 tibi
1225 563 1308 590 non
1325 549 1672 604 multalargitur,
1701 551 1864 606 tibique

160 621 246 647 non
280 607 449 659 arridet,
482 606 545 648 uti
577 606 792 661 plerisque
825 606 1006 649 indoctis
1029 607 1282 664 ignavisque
1308 609 1426 660 viris,
1454 610 1526 651 sed
1550 609 1660 660 vide,
1683 625 1737 652 an
1760 610 1865 653 bene

158 666 304 715 facias,
330 665 517 720 mihique
552 665 718 720 saepius
749 665 875 708 huius
908 667 1018 719 deae,
1054 682 1180 722 quam
1193 669 1412 721 fortunam
1433 669 1625 721 dicimus,
1651 672 1746 711 acta
1766 684 1866 712 con-

161 725 378 776 sideranti,
431 724 560 767 altior
612 725 819 781 quaedam
853 725 1063 780 cogitatio
1097 729 1198 768 nata
1230 730 1307 778 est,
1338 731 1389 768 ut
1420 727 1534 770 illam
1567 742 1652 769 non
1685 744 1864 780 coecam,

161 783 268 827 sicut
301 789 453 839 poetae
485 785 713 835 finxerunt,
746 799 837 826 esse
873 799 1080 835 censeam,
1114 786 1185 827 sed
1218 787 1446 829 admodum
1482 788 1716 830 oculatam.
1741 788 1864 840 Nam,
1923 840 1925 842 ‚

157 844 270 900 quod
302 843 434 897 aiunt,
468 858 562 886 eam
596 844 784 899 iniquam
818 858 963 886 rerum
997 844 1121 886 huius
1175 845 1331 887 saeculi
1383 847 1745 901 dispensatricem,
1778 863 1863 890 non

158 904 282 945 video
316 918 462 945 verum
477 918 589 945 esse:
615 903 760 945 dicunt
783 903 908 957 enim,
932 903 1164 945 industrios
1187 904 1381 947 homines
1404 910 1657 960 paupertate
1681 908 1862 961 gravari,

157 963 339 1018 ignavos
374 967 530 1014 autem,
563 964 761 1005 fortunae
794 963 1014 1014 beneficio,
1045 963 1255 1006 maximas
1279 979 1381 1020 opes
1403 965 1631 1020 possidere.
1656 965 1737 1009 Sed
1758 966 1862 1009 mihi

156 1037 241 1063 non
275 1022 335 1064 sic
367 1022 544 1072 videtur,
577 1037 817 1078 ponamque
850 1022 894 1064 in
925 1025 968 1063 te
1001 1024 1256 1078 exemplum.
1301 1023 1393 1079 Ego
1426 1028 1468 1066 te
1501 1025 1698 1067 ditiorem
1730 1029 1863 1082 puto3

156 1096 245 1123 non
277 1081 367 1123 dico
402 1081 553 1123 Cosmo
587 1082 766 1132 Medico,
799 1083 872 1123 sed
904 1082 1100 1136 pluribus
1136 1083 1318 1138 regibus.
1351 1083 1547 1127 Divitiae
1567 1099 1749 1140 namque
1765 1090 1864 1129 sunt

157 1142 244 1197 Zeye
275 1145 456 1184 naturae
487 1143 716 1195 composita
746 1141 1032 1196 paupertas.²')

298 1211 393 1267 Ego
427 1212 525 1266 scio,
558 1213 615 1254 mi
646 1213 840 1262 Ioannes,
873 1213 1006 1254 multo
1040 1212 1119 1254 tibi
1150 1215 1245 1268 plus
1291 1212 1423 1256 videri
1457 1214 1643 1269 triginta
1696 1230 1860 1267 aureos,

158 1286 281 1326 quam
337 1271 425 1314 aliis
478 1272 730 1327 quibusdam
784 1272 968 1326 triginta
1018 1272 1147 1314 milia.
1192 1273 1382 1315 Fortuna
1432 1273 1564 1328 igitur
1594 1289 1678 1315 non
1711 1274 1862 1330 ignara

154 1330 414 1373 conditionis
446 1332 679 1386 hamanae3
713 1347 818 1387 quos
852 1332 970 1373 videt
1003 1337 1127 1385 aptos
1161 1332 1325 1375 modico
1359 1333 1514 1383 vivere,
1548 1347 1634 1374 non
1666 1338 1787 1375 curat
1819 1334 1860 1376 in

157 1404 228 1432 eos
281 1392 418 1434 multa
472 1406 714 1447 congerere,
765 1390 865 1447 quin
913 1406 997 1433 non
1032 1391 1253 1447 indigent·,
1287 1396 1330 1433 at
1362 1392 1517 1447 ignavi,
1551 1392 1632 1434 nisi
1666 1393 1859 1447 pecuniis

155 1449 387 1501 abundent,
422 1450 638 1504 despectui
671 1454 771 1491 sunt
803 1449 967 1501 obiecti,
1002 1450 1154 1501 miseri,
1189 1451 1351 1506 quibus
1384 1466 1458 1492 cur
1489 1451 1755 1506 vituperetur
1776 1453 1861 1494 for-

154 1513 271 1559 tuna,
305 1509 493 1551 subsidia
526 1510 743 1565 praebens,
777 1510 888 1551 haud
921 1510 1017 1552 scio.

299 1580 394 1623 Sint
427 1595 530 1637 ergo
564 1581 754 1623 contenti
806 1581 1000 1623 homines
1053 1581 1179 1632 docti,
1213 1581 1246 1623 si
1280 1581 1439 1637 absque
1492 1582 1658 1638 magnis
1692 1582 1859 1638 opibus,

155 1653 353 1694 magnam
386 1640 602 1682 scientiam
635 1644 735 1682 sunt
768 1640 920 1695 adepti.
955 1640 1163 1696 Namque,
1198 1644 1235 1683 si
1268 1657 1318 1683 ex
1351 1641 1516 1683 duobus
1543 1643 1722 1683 alterum
1755 1642 1859 1684 dun-

155 1702 279 1740 taxat
312 1699 555 1742 habendum
590 1701 672 1743 sit:
706 1716 830 1742 nemo
865 1700 1034 1755 sapiens
1067 1701 1287 1743 doctrinae
1320 1701 1493 1743 divitias
1526 1705 1771 1757 anteponat.

296 1770 473 1812 Petrum
508 1772 783 1813 Noxetanum
815 1772 957 1825 laude,
991 1774 1064 1827 qui
1096 1787 1296 1814 romanos
1320 1773 1479 1813 calores
1511 1777 1554 1814 et
1572 1772 1716 1814 uxoris
1740 1772 1859 1828 ignes

154 1829 339 1883 fugiens,
374 1830 637 1872 Florentiam
691 1831 891 1885 perrexit,
947 1831 1138 1885 quamvis
1171 1836 1213 1872 et
1244 1846 1353 1872 uxor
1398 1835 1544 1873 secuta
1602 1831 1740 1874 fuerit.
1774 1831 1857 1874 Res

155 1889 267 1930 enim
299 1890 466 1932 letifera
499 1894 574 1939 est,
608 1891 651 1932 in
684 1894 901 1945 Augusto,
949 1891 983 1932 si
1028 1890 1188 1932 Romae
1222 1891 1290 1941 sis,
1323 1890 1445 1933 uxori
1479 1905 1647 1945 operam
1681 1892 1778 1933 dare
1811 1907 1858 1933 ac

153 1952 381 2003 propterea
413 1951 518 1991 bene
553 1950 747 1992 fecerunt
780 1955 958 1996 veteres,
992 1950 1063 2004 qui
1097 1951 1365 1992 sacerdotum
1418 1950 1575 1992 curiam
1608 1950 1692 1991 illic
1725 1951 1855 1992 collo-

151 2011 317 2059 carunt,
332 2009 534 2051 uxoribus
558 2009 670 2051 enim
695 2013 849 2051 carent.
866 2009 1038 2051 Curiam
1053 2008 1256 2061 Caesaris,
1276 2025 1401 2064 quam
1416 2009 1589 2051 uxorati
1610 2014 1858 2064 sequuntur,

151 2067 193 2108 in
228 2069 563 2123 septentrionem
595 2069 816 2110 transferri
850 2084 927 2124 par
959 2069 1052 2110 fuit.

296 2139 477 2182 Calvum
510 2144 595 2181 tam
642 2142 905 2186 commendo,
950 2156 1076 2196 quam
1125 2139 1336 2182 Iuvenalis
1369 2138 1609 2181 Ursidium:
1647 2139 1706 2195 ⁷‚si
1740 2155 1855 2182 11100-

150 2199 327 2240 01101·11111
360 2199 606 2241 notissimus
640 2200 753 2250 olim,
787 2202 921 2242 stulta
952 2199 1134 2242 maritali
1167 2199 1249 2240 iam
1273 2199 1460 2254 porrigit
1483 2214 1557 2241 ora
1585 2199 1852 2255 capistro.“3)

153 2260 226 2299 &ra
260 2258 362 2300 Fine
396 2259 492 2300 anni
535 2259 660 2301 1445.

294 2425 321 2468 1)
336 2424 375 2458 in
401 2424 495 2468 Hop.
524 2426 622 2459 stat:
650 2424 891 2460 Ramnisiam.
909 2423 1193 2459 Nullibiinveni
1209 2422 1434 2457 mentionem
1451 2422 1548 2468 apud
1575 2425 1718 2457 veteres
1746 2426 1853 2458 auto-

152 2481 219 2505 res.
247 2470 482 2507 Perlustravi
510 2472 741 2514 Strabonem,
769 2471 986 2511 Lucianum,
1004 2471 1237 2515 Pausaniam,
1253 2470 1497 2510 Herodotum,
1514 2470 1676 2514 Suidam,
1691 2471 1851 2513 Lstbker,

150 2518 260 2562 I'ape,
288 2521 435 2554 autores
462 2521 533 2553 hac
559 2519 598 2553 in
624 2531 663 2553 re
689 2519 941 2562 gravissimos,
969 2519 1031 2553 sed
1058 2520 1211 2554 frustra.
1248 2517 1352 2555 Alex.
1391 2519 1435 2553 ab
1462 2517 1685 2561 Alexandro,
1726 2518 1765 2552 in
1791 2529 1852 2562 ge-

148 2565 239 2601 nial.
266 2566 358 2601 dier.
386 2567 409 2601 l.
437 2568 464 2602 Ι.
490 2579 519 2602 0.
550 2569 602 2602 13.
631 2567 746 2611 (Edit.
774 2566 993 2610 Tiraquelli,
1021 2567 1109 2610 Lug.
1136 2567 1219 2601 Bat.
1239 2567 1341 2601 1673.
1360 2566 1554 2610 pag.107.)
1569 2566 1700 2600 unicus
1715 2566 1848 2600 habet:

155 2613 219 2657 „In
245 2614 395 2649 Euboea
423 2625 569 2658 quoque
596 2615 776 2649 Rhamnis
803 2615 890 2649 urbs
917 2614 1002 2656 fuit,
1031 2614 1071 2648 in
1096 2625 1171 2657 qua
1211 2616 1396 2648 Fortunae
1435 2613 1617 2658 templum
1645 2614 1851 2648 habebatur

149 2661 389 2698 niaxi11111111.“
419 2662 668 2697 Confunditur
696 2662 756 2696 hic
781 2661 1040 2696 verisimiliter
1068 2662 1317 2703 „mmmmm-‘⁵
1345 2661 1469 2696 (1011108
1500 2661 1630 2703 attica,
1673 2660 1718 2695 ad
1746 2660 1850 2695 aian-

152 2707 264 2742 ticam
293 2710 442 2753 Phylen
469 2710 673 2754 pertinens,
702 2710 836 2744 Strabo
862 2710 924 2744 IX.
954 2709 1044 2745 edit.
1068 2704 1231 2745 Casani).
1257 2720 1292 2752 p.
1320 2709 1398 2743 396.
1426 2710 1506 2743 399.
1526 2719 1607 2742 cum
1627 2708 1849 2752 Rhamnide,

150 2756 287 2790 nullibi
313 2757 504 2793 existente.
531 2758 657 2792 Inveni
677 2757 798 2792 locum
827 2757 996 2801 superius
1022 2759 1181 2792 citatum
1210 2757 1272 2791 in:
1301 2755 1467 2791 thesauri
1492 2755 1585 2797 ling.
1602 2755 1671 2790 lat.
1687 2755 1765 2790 sive
1779 2756 1852 2791 fori

152 2804 297 2838 romani
323 2805 453 2840 ‹BasiL
483 2806 583 2840 1576.
612 2805 782 2848 Froben;
826 2806 988 2849 praefat.
1031 2807 1089 2839 est
1129 2804 1212 2839 Alb.
1255 2805 1432 2848 Burerus)
1471 2806 1500 2838 t.
1525 2803 1585 2838 ΠΙ.
1612 2814 1648 2847 p.
1675 2804 1754 2839 527.
1783 2805 1849 2838 sub

149 2861 259 2885 voce:
290 2852 480 2887 Rhamnis.
509 2852 646 2895 Porro;
675 2853 881 2895 Rhamnus,
912 2852 1144 2887 Rhamnusia
1170 2851 1287 2895 virgo,
1307 2850 1580 2897 (Nemesismbi
1593 2850 1706 2885 citat:
1728 2851 1848 2887 Catul.

148 2900 287 2941 Argon.
314 2901 369 2935 58.
397 2903 453 2935 79.
480 2910 702 2944 perpera1n3
731 2900 792 2934 sed
820 2911 934 2934 carm.
961 2900 1016 2935 64.
1045 2911 1077 2934 v.
1107 2900 1306 2936 394—396.
1334 2899 1443 2933 Certe
1468 2901 1622 2933 Aeneae.
1640 2897 1848 2934 Alexander

152 2947 190 2978 et
216 2946 338 2981 editor
365 2948 535 2981 thesauri
564 2947 829 2982 Rhamnusiam
858 2946 1038 2992 virginem
1067 2968 1110 2972 —-
1128 2948 1317 2982 fortunam
1340 2967 1381 2972 ᾳ
1403 2956 1481 2980 0880
1494 2945 1750 2982 crediderunt.
1779 2946 1847 2981 Sed

149 2992 236 3026 vide
262 2994 419 3031 Pausan.
445 2994 521 3030 Vn.
550 2995 595 3037 53
625 2997 644 3029 3
684 2994 787 3029 Ovid.
816 2995 916 3030 trist.
942 2994 984 3030 V.
1012 2996 1055 3037 83
1084 2997 1115 3030 9.
1143 2997 1284 3029 Aeneas
1313 2995 1378 3029 108
1417 2993 1526 3028 annis
1544 2994 1630 3028 ante
1645 2993 1849 3029 Alexandri

149 3041 388 3076 nativitatem
415 3042 476 3076 hic
504 3044 628 3077 autem
660 3043 762 3077 1523.
789 3046 959 3078 mortuus
987 3045 1056 3078 est.
1084 3063 1127 3067 ——
1155 3042 1181 3086 2)
1211 3042 1289 3078 Sen.
1319 3052 1373 3087 ep.
1400 3042 1432 3076 4.
1461 3061 1503 3066 -
1530 3041 1560 3086 ³)
1585 3040 1646 3077 VI.
1672 3043 1728 3076 43.
