1988 3344
1788 215 1840 256 61

142 351 270 403 Nam,
297 367 405 407 quae
438 352 554 395 Deus
577 353 762 403 mandat,
784 353 983 408 negligis,
1026 356 1263 407 postergas.
1306 354 1566 397 contemnis:
1607 370 1712 410 quae
1755 357 1846 398 vult

140 411 292 465 amica,
344 427 508 454 summa
560 427 654 454 cum
696 406 920 469 diligentia
973 427 1093 454 curas
1144 413 1373 469 adimplere
1407 416 1450 455 et
1482 415 1562 456 hoc
1593 429 1746 471 nempe
1779 419 1845 458 est

143 471 356 525 praeferre
392 471 607 514 mulierem
639 470 740 518 Deo.

286 530 405 573 Heu!
439 546 563 584 quam
578 543 781 585 magnum
802 533 867 571 est
890 530 1060 579 malum,
1084 546 1209 585 quam
1232 531 1533 586 periculosum,
1573 547 1698 586 quam
1732 534 1858 575 dete-

141 590 306 641 stabile,
323 592 558 632 creaturam
573 588 633 630 sic
648 603 802 637 amare,
826 592 873 630 ut
896 588 1033 630 Deum
1055 589 1316 643 parvifacias.
1341 591 1468 641 Deus,
1483 606 1576 633 cum
1592 606 1706 633 esses
1728 592 1845 643 nihil,

143 655 186 691 te
210 648 367 704 aliquid
386 663 477 690 esse
500 648 610 698 fecit,
633 650 682 689 ut
703 648 841 702 possis
865 647 969 689 scire
991 648 1147 698 divina,
1171 664 1289 691 sacra
1324 655 1368 692 et
1393 650 1514 700 viam,
1561 666 1644 705 qua
1684 650 1772 693 itur
1801 651 1846 693 in

141 709 321 750 coelum.
352 709 449 762 Ipse
473 722 640 762 quoque
664 707 792 757 Deus,
816 722 921 757 cum,
946 707 999 749 ob
1023 709 1190 762 culpam
1212 708 1339 762 primi
1376 709 1582 764 parentis,
1617 713 1666 752 tu
1689 713 1732 752 et
1754 725 1843 752 cae-

141 767 226 810 teri
257 767 446 809 homines
468 767 710 821 paradisum
728 766 972 817 amiseritis,
995 767 1110 808 nasci
1133 782 1210 822 pro
1232 771 1276 809 te
1299 768 1446 818 voluit,
1469 768 1561 810 fieri
1583 769 1723 819 homo,
1739 770 1844 824 capi,

139 826 271 876 caedi,
293 825 535 881 vituperari,
559 826 764 882 crucifigi,
788 825 896 868 mori
918 841 965 867 ac
989 840 1067 867 suo
1090 829 1133 867 te
1157 826 1343 882 pretioso
1380 827 1584 870 redimere
1629 829 1843 883 sangvine.

141 886 241 928 En!
275 900 401 940 quam
435 900 592 942 magna
614 885 884 940 ingratitudo
908 889 985 935 est,
1008 885 1227 940 iniquitas,
1271 886 1576 937 inhumanitas,
1600 887 1756 938 feritas,
1788 914 1843 918 —

142 946 266 994 hunc,
300 944 371 1000 qui
403 948 526 986 tanta
557 960 633 999 pro
656 950 700 987 te
723 944 882 994 fecerit,
904 947 1080 999 propter
1117 945 1242 988 vilem
1275 945 1512 1000 relinquere
1545 945 1845 989 mulierculam.

142 1004 234 1045 Hoc
258 1004 362 1046 satis
384 1006 440 1054 te,
463 1007 738 1060 caeterosque
761 1003 1025 1046 Christianos
1068 1019 1235 1046 movere
1259 1005 1396 1055 debet,
1432 1006 1484 1047 ab
1519 1005 1733 1048 amoribus
1760 1005 1844 1049 illi-

139 1063 235 1106 citis
260 1063 466 1105 desistere
498 1068 542 1106 et
564 1063 656 1105 Deo
680 1063 760 1105 soli
793 1063 959 1105 servire.

287 1122 369 1165 Sed
399 1124 538 1179 coyita
588 1124 780 1173 ulterius,
834 1122 933 1178 quid
985 1122 1090 1177 agis,
1124 1121 1312 1168 Nicolae.
1349 1123 1526 1165 Pulchra
1558 1124 1638 1166 tibi
1679 1124 1842 1166 videtui·

139 1183 278 1223 amica
301 1184 388 1224 tua.
421 1182 630 1233 Credisne,
654 1184 716 1224 sic
759 1197 925 1236 semper
966 1183 1143 1236 pulchra
1186 1182 1300 1224 erit'?
1333 1181 1419 1224 Res
1453 1189 1518 1224 est
1539 1183 1676 1225 forma
1697 1183 1844 1238 fugax,

141 1241 282 1296 inquit
315 1241 592 1296 tragoedosl)
626 1241 782 1283 Mulier
804 1256 911 1295 quae
933 1240 1058 1283 hodie
1082 1241 1268 1283 formosa
1300 1245 1376 1292 est,
1401 1256 1492 1283 cras
1517 1242 1720 1284 deformis
1753 1242 1843 1285 erit.

139 1300 251 1350 Quid
282 1303 358 1342 tua
388 1300 503 1342 bona
523 1303 733 1356 perpetua
767 1302 810 1340 et
832 1300 1124 1350 immutabilia,
1155 1316 1231 1356 pro
1275 1300 1454 1351 caducis,
1479 1301 1842 1356 mutabilibusque

138 1363 394 1414 permutas?
428 1358 501 1411 Sit,
524 1362 573 1401 ut
593 1363 731 1414 putas,
755 1359 979 1414 spectabili
1001 1360 1139 1402 forma
1161 1359 1325 1410 mulier,
1370 1361 1459 1402 leve
1482 1361 1562 1402 hoc
1586 1361 1743 1403 bonum
1767 1367 1845 1403 est.

138 1418 262 1460 Nihil
285 1418 424 1461 forma
446 1419 637 1460 mulieris
661 1424 738 1471 est,
762 1418 843 1460 nisi
866 1419 1054 1461 moribus
1079 1418 1236 1461 adiuta.
1269 1418 1454 1461 Castitas
1486 1423 1565 1470 est,
1595 1436 1701 1475 quae
1725 1421 1844 1462 femi-

138 1493 239 1520 nam
264 1478 418 1529 laudat,
441 1493 528 1520 non
574 1478 723 1520 forma.
757 1478 820 1520 Tu
853 1493 938 1520 non
963 1478 1202 1520 castitatem
1247 1479 1446 1533 sequeris,
1489 1479 1670 1521 formam
1703 1480 1843 1521 solum

140 1537 307 1592 amas.²)
339 1537 493 1579 Forma
513 1539 617 1579 haec
637 1537 700 1580 uti
725 1538 803 1578 fios
837 1538 931 1593 agri
953 1537 1120 1580 decidit.
1144 1537 1261 1579 Rosa
1282 1553 1405 1580 mane
1448 1538 1584 1589 rubet,
1617 1554 1711 1581 sero
1753 1540 1843 1580 lan-

139 1597 311 1653 gvescit.
331 1597 455 1639 Nihil
477 1596 704 1639 formosius
730 1600 796 1638 est
820 1599 982 1638 virtute
996 1600 1125 1651 atque
1146 1597 1399 1639 honestate:
1416 1597 1450 1638 si
1472 1597 1582 1639 hanc
1603 1597 1842 1648 intuereris,

138 1657 275 1698 multo
298 1656 379 1698 tibi
401 1656 629 1698 formosior
649 1656 873 1706 videretur,
898 1671 1025 1710 quam
1039 1661 1115 1697 tua
1130 1656 1187 1698 sit
1203 1656 1348 1699 amica.
1371 1655 1542 1698 Etinem
1565 1672 1640 1699 nec
1661 1657 1842 1708 Lucifer,

136 1730 214 1757 nec
236 1715 460 1771 Hesperus
485 1719 574 1757 tam
597 1716 773 1758 decorus
797 1718 871 1766 est,
904 1731 1033 1770 quam
1064 1716 1157 1770 ipsa
1189 1715 1316 1757 facies
1331 1716 1601 1771 honestatis3
1623 1732 1750 1772 quam
1775 1717 1844 1772 qui

137 1774 349 1830 relinquit
369 1779 547 1829 propter
568 1774 810 1817 mulierem:
833 1774 1031 1816 existima
1055 1790 1142 1825 oro,
1167 1790 1292 1829 quam
1326 1774 1380 1816 sit
1403 1775 1567 1817 delirus
1611 1781 1654 1817 et
1688 1791 1844 1818 amens.

282 1833 515 1887 Caeterum,
537 1833 721 1884 Nicolae,
744 1838 792 1875 ut
815 1838 956 1876 tecum
980 1850 1066 1876 non
1090 1834 1239 1875 multis
1262 1837 1382 1875 utar:
1420 1835 1525 1876 haec
1558 1850 1685 1889 quam
1718 1850 1844 1885 amas,

136 1893 303 1948 mulier,
324 1907 409 1934 non
427 1898 503 1935 tua
527 1894 616 1935 sola
637 1897 716 1943 est,
740 1895 812 1935 sed
835 1894 1074 1947 complures
1098 1908 1189 1935 eam
1211 1894 1396 1945 habent3
1432 1909 1505 1936 nec
1528 1894 1618 1948 ipsa
1641 1899 1683 1936 te
1706 1895 1843 1936 solum

138 1955 271 2003 amat,
305 1954 378 1995 sed
410 1953 516 1995 alios
540 1968 708 2007 quoque
731 1952 884 2008 diligit.
910 1952 1017 2001 Quid
1041 1956 1090 1994 tu
1113 1955 1157 1994 in
1179 1953 1306 1995 turba
1326 1952 1390 1994 vis
1412 1952 1583 1995 facere?
1609 1955 1778 2009 Cogita,
1801 1957 1843 1995 te

136 2011 222 2053 iam
245 2027 336 2054 esse
367 2012 411 2054 in
456 2027 648 2067 vespero,
682 2014 767 2054 iam
801 2027 952 2059 senem,
998 2014 1081 2054 iam
1119 2011 1249 2054 morti
1272 2014 1531 2066 proximum,
1569 2012 1704 2054 Visne
1750 2028 1841 2054 cum

139 2071 360 2113 iuvenibus
386 2073 676 2114 contendere?
721 2071 797 2112 Vis
840 2086 936 2112 cum
977 2072 1170 2113 robustis
1213 2071 1441 2126 pugnare?
1477 2071 1585 2120 Quid
1607 2071 1686 2114 tibi
1717 2072 1761 2113 in
1794 2087 1841 2113 eo

135 2130 302 2185 proelio
337 2131 521 2186 quaeris,
553 2131 594 2172 in
620 2145 701 2187 quo
726 2130 862 2172 victor
884 2131 1131 2172 succumbes
1148 2134 1166 2172 ⁴?
1182 2130 1340 2186 Magna
1359 2145 1426 2172 res
1442 2135 1518 2181 est,
1542 2130 1677 2172 virum
1700 2146 1840 2173 senem

138 2205 162 2231 a
186 2189 408 2232 iuvenibus
431 2193 686 2245 extorquere
729 2189 964 2232 mulierem.
998 2190 1065 2232 Sis
1087 2193 1229 2231 tamen
1271 2193 1436 2244 potens,
1468 2195 1517 2232 ut
1562 2193 1842 2245 extorqueas3

134 2248 240 2304 quid
265 2249 417 2298 vicisti,
441 2265 535 2291 cum
559 2249 770 2304 proelium
793 2248 1035 2291 huiusmodi
1058 2249 1125 2299 sit,
1147 2253 1196 2291 ut
1217 2251 1392 2291 vincens
1416 2249 1663 2291 succumbat
1682 2253 1700 2291 ἱ)

284 2308 392 2357 Quid
415 2311 491 2359 est,
514 2324 602 2353 oro.
624 2310 790 2354 mulier,
826 2310 915 2351 m'si
939 2310 1166 2352 iuventutis
1189 2309 1432 2362 expilatrz‘x,
1456 2310 1647 2352 virorum
1669 2310 1840 2363 rapina,

133 2381 281 2410 semem
304 2382 430 2420 mors,
467 2370 730 2422 patrimonii
763 2369 1018 2419 dez-oratrix,
1052 2369 1222 2411 honoris
1255 2367 1479 2423 pernicies,
1521 2368 1720 2421 pabulum
1753 2367 1842 2409 dia-

138 2426 240 2476 boli,
264 2426 390 2467 ianua
420 2428 580 2477 mortis,
613 2429 776 2481 inferni
808 2427 1172 2481 supplementum?
1205 2425 1366 2482 Cogita,
1399 2427 1588 2475 Nicolae,
1604 2430 1708 2481 quot
1731 2427 1841 2468 mala

138 2501 215 2540 per
248 2485 467 2527 mulierem
500 2486 762 2534 obvenerint,
796 2501 889 2527 cum
923 2486 1106 2535 Salomo,
1131 2501 1225 2527 cum
1249 2485 1522 2536 Holofernes,
1545 2500 1640 2527 cum
1664 2485 1840 2528 Samson

140 2560 216 2599 per
249 2545 469 2586 mulierem
503 2545 669 2600 decepti
700 2545 875 2591 fuerint,
907 2545 1006 2586 Non
1039 2549 1081 2586 te
1115 2546 1260 2587 credas
1284 2544 1343 2586 sic
1365 2545 1523 2587 fortem
1556 2559 1659 2595 esse,
1684 2548 1732 2586 ut
1755 2559 1841 2587 non

137 2605 344 2646 illudaris.
381 2603 473 2654 Sed,
517 2607 676 2659 quanto
719 2604 819 2645 viris
861 2603 943 2645 illis
968 2604 1146 2646 debilior
1168 2619 1222 2654 es,
1244 2603 1466 2655 incautior,
1500 2603 1839 2659 imprudentior:

140 2667 265 2705 tanto
281 2667 323 2705 te
352 2664 403 2704 ab
427 2678 475 2704 eo
499 2663 592 2704 loco
610 2678 790 2712 semove,
809 2663 851 2703 in
867 2678 949 2717 quo
972 2668 1096 2716 potes
1119 2662 1396 2717 decipi.Nihil
1419 2667 1484 2704 est
1510 2662 1694 2705 mulieris
1711 2677 1839 2705 amor.

137 2722 211 2778 qui
245 2738 339 2764 cum
372 2727 546 2777 peccato
601 2722 662 2764 fit.
715 2721 811 2763 Non
844 2724 910 2763 est
942 2722 984 2763 in
1016 2721 1190 2763 muliere
1244 2721 1463 2772 stabilitas,
1512 2737 1619 2775 quae
1653 2737 1766 2763 nunc
1797 2725 1839 2763 te

135 2785 266 2832 amat,
301 2797 393 2823 cras
428 2782 553 2823 alium
587 2780 754 2822 amabit.
809 2779 916 2828 Quid
947 2783 996 2821 tu
1030 2781 1143 2822 hunc
1175 2795 1361 2822 amorem
1415 2781 1645 2830 existimas,
1691 2784 1765 2835 qui
1797 2780 1839 2822 in

141 2842 285 2896 plures
320 2841 516 2883 divisus?
550 2840 678 2882 Nulla
709 2839 861 2881 mulier
891 2842 980 2880 tam
1013 2841 1094 2881 fixe
1144 2840 1326 2894 aliquem
1359 2839 1528 2890 amavit,
1560 2855 1666 2894 quae
1719 2843 1838 2882 veni-

135 2902 237 2941 ente
270 2916 383 2943 novo
416 2915 558 2955 proco,
581 2899 788 2953 novisque
813 2898 1021 2953 precibus,
1045 2899 1111 2940 vel
1134 2898 1391 2948 muneribus,
1414 2913 1501 2940 non
1524 2899 1699 2941 mutarit
1723 2914 1837 2941 amo·

139 2973 240 3002 rem.
284 2959 440 3001 Mulier
483 2962 549 3000 est
593 2958 746 3000 animal
779 2957 1086 3011 imperfectum,
1119 2958 1295 3012 varium,
1326 2958 1468 3011 fallaX,
1501 2958 1648 3000 multis
1681 2958 1838 3000 morbis

285 3090 311 3135 ¹)
338 3090 420 3125 Sen.
449 3089 534 3134 Hip.
564 3090 643 3124 773.
672 3109 713 3114 —-
740 3089 768 3132 ²)
795 3088 915 3122 Iuven.
944 3088 1002 3124 VI.
1034 3089 1109 3124 1113.
1138 3099 1211 3132 seq.

1889 2257 1893 2319 l
1970 2299 1988 2354 1-

1891 2321 1895 2429 t

1891 2433 1895 2473 Ι
