2007 3242
1635 325 1721 367 VII

165 466 214 507 de
247 480 332 521 quo
364 465 448 508 iam
480 465 641 520 pluries
673 464 936 507 mentionem
968 465 1061 516 feci,
1115 465 1403 519 indagaverat,
1438 465 1719 508 Liberalitate

165 525 326 567 domini
358 527 415 568 dr.
448 525 688 567 Hermanni
709 525 895 580 ‘Eschein
928 525 1002 579 qui
1033 524 1187 567 ibidem
1219 525 1503 568 bibliothecae
1539 525 1722 568 civitatis

166 588 344 640 praeest,
377 584 481 627 mihi
542 585 651 627 liber
711 584 978 627 mittebatur.
1011 585 1145 626 Index
1179 584 1275 626 libri
1310 589 1396 627 est:
1454 584 1620 640 „Stoi-ia
1681 585 1722 627 di

167 645 248 686 due
299 644 461 686 amanti
513 644 554 686 di
605 645 724 686 Enea
775 643 904 686 silvio
958 643 1238 685 Piccolomini
1294 644 1337 685 in
1391 644 1554 700 segvito
1608 645 1724 699 Papa

166 703 243 746 Pio
275 705 458 746 secundo
512 705 578 745 001
612 707 724 746 testo
757 703 895 745 latino
929 718 950 744 e
982 704 1023 744 la
1055 704 1308 745 traducione
1339 704 1473 745 libera
1526 704 1565 746 di
1603 705 1725 746 Ales-

168 758 298 816 sand‘d
328 763 521 807 Bracczto.
557 763 772 818 Calffilago
824 762 1100 818 tipographia
1133 764 1325 805 elvetica.
1382 764 1532 804 1832ss

261 851 267 854 >
309 822 481 865 Contuli
514 823 638 865 hanff
656 822 890 866 editionem
924 837 1019 864 cum
1050 838 1143 864 mea
1176 825 1219 864 et
1252 826 1369 864 ecce!
1401 824 1543 876 plures
1577 824 1728 878 depra-

167 884 300 933 vatos,
333 897 463 936 quam
495 887 725 934 correctos,
758 881 904 924 inveni
936 883 1068 935 locos,
1101 897 1229 937 quam
1252 881 1295 923 in
1322 881 1590 935 incunabulo,
1615 883 1727 937 quod

167 941 212 982 in
244 941 501 984 lectionibus
534 942 798 984 variantibus
830 941 875 983 in
908 943 1051 984 oculos
1075 943 1198 983 cadit.
1231 942 1498 997 Magnopere
1529 942 1728 993 mirabar,

166 1000 315 1053 virum,
378 1001 450 1056 qui
511 1004 680 1044 textum
742 1005 938 1044 nostrum
999 1001 1042 1042 in
1104 1001 1293 1057 lingvam
1332 1001 1518 1042 italicam
1564 1004 1725 1044 vertere

168 1059 370 1112 instituit,
433 1062 639 1112 eumdem,
701 1064 929 1116 tantopere
993 1061 1283 1116 depravatum,
1346 1062 1464 1115 typis
1526 1061 1728 1102 mandare

169 1134 318 1161 ausum
356 1135 461 1163 esse.

312 1190 420 1239 Quid
451 1195 586 1234 nunc!
618 1192 802 1246 Repperi
854 1193 898 1234 in
931 1192 1193 1234 bibliotheca
1245 1191 1545 1234 universitatis
1588 1191 1728 1232 Buda-

167 1249 467 1305 pestiniensis:
504 1266 657 1308 „opera
688 1250 858 1294 Aeneae
893 1251 1038 1306 Sylvii,
1073 1265 1181 1306 quae
1236 1254 1410 1292 exstant
1443 1251 1595 1301 omnia,
1617 1265 1730 1291 nunc

169 1311 349 1360 demum,
380 1313 480 1364 post
513 1311 857 1365 corruptissimas
912 1311 1130 1361 aeditioes‚
1178 1325 1343 1353 summa
1376 1325 1471 1351 cum
1503 1309 1730 1365 diligentia

169 1368 408 1424 castigata“
444 1371 508 1412 &c
541 1371 658 1412 edita
679 1386 754 1425 per
775 1371 969 1413 Marcum
995 1370 1252 1425 Hopperum.
1287 1370 1493 1420 Basileae⁷
1529 1371 1654 1411 1571.
1679 1384 1731 1411 ex

170 1428 339 1471 officina
370 1429 719 1484 Henrikpetrina.

312 1487 484 1530 Contuli
536 1504 649 1531 nunc
699 1494 786 1531 tres
840 1489 1062 1531 editiones.
1115 1489 1250 1531 Ecce!
1284 1488 1354 1543 qui
1387 1487 1732 1542 corruptissimas

165 1547 419 1608 &ditionem
453 1564 619 1590 summa
651 1564 744 1590 cum
798 1548 1017 1604 diligentia
1062 1551 1278 1604 castigare
1325 1547 1402 1589 sibi
1435 1550 1733 1603 proposuerat,

171 1621 257 1648 non
289 1608 466 1649 multos<
485 1608 690 1660 meliores,
724 1609 796 1650 sed
828 1610 973 1663 plures
1007 1609 1144 1650 adhuc
1176 1607 1317 1662 magis
1351 1609 1603 1662 depravatos
1626 1606 1731 1648 mihi

171 1666 368 1720 praebuit
429 1667 559 1719 locos,
622 1683 749 1723 quam
780 1667 823 1709 in
856 1668 1020 1710 duobus
1063 1667 1278 1722 prioribus
1325 1666 1580 1708 editionibus
1613 1666 1730 1707 inve-

171 1739 329 1768 neram.
362 1726 489 1768 Hanc
520 1727 690 1769 unicam
722 1726 826 1769 mihi
860 1727 1092 1782 Hopperus
1127 1741 1298 1782 operam
1321 1726 1511 1777 navavit,
1534 1731 1584 1767 ut
1606 1740 1732 1767 voca-

171 1784 272 1826 bula
305 1790 348 1827 et
379 1786 588 1840 periodos,
623 1802 729 1841 quae
761 1786 866 1828 mihi
898 1788 1084 1840 deerant7
1117 1787 1315 1841 supplere
1348 1789 1390 1827 et
1422 1786 1502 1827 hac
1535 1800 1626 1840 ope,
1649 1785 1732 1826 iam

173 1849 514 1887 consummatam
566 1845 892 1888 translationem
947 1846 1154 1887 historiae
1199 1847 1248 1886 de
1282 1846 1444 1887 duobus
1479 1844 1732 1899 amantibus,

172 1903 216 1945 in
247 1904 437 1960 lingvam
469 1905 766 1961 germanicam,
799 1906 1034 1961 pleniorem
1067 1906 1236 1946 efficere
1270 1904 1497 1959 potuerim.

316 1976 613 2019 Nihilosecius.
647 1981 816 2032 praeter
847 1977 1135 2019 barbarismos
1169 1977 1347 2031 oliquot‚
1391 1975 1477 2017 uti:
1524 1974 1732 2031 gallicior,

173 2035 387 2089 penosius‚
439 2040 688 2094 postergare
740 2039 804 2086 &c‘
838 2037 974 2078 adhuc
1018 2037 1162 2092 plures
1208 2035 1379 2077 obscuri
1411 2048 1735 2089 supermansere

173 2094 266 2146 loci,
299 2110 407 2150 quos
440 2097 657 2138 enucleare
690 2096 860 2138 minime
884 2096 1007 2138 valui.
1031 2095 1342 2138 incunabulum
1364 2109 1518 2144 meum,
1540 2095 1732 2148 exceptis

173 2153 279 2196 locis
313 2154 384 2209 qui
429 2156 595 2206 desunt,
641 2155 844 2211 optimam
909 2156 1047 2197 adhuc
1110 2154 1348 2196 orationem
1398 2153 1503 2195 mihi
1535 2152 1735 2207 praebuit

176 2217 436 2256 contextam.

317 2285 390 2326 Me
421 2286 700 2337 laborantem,
733 2287 845 2328 unde
878 2286 1013 2328 adhuc
1056 2284 1286 2326 editionem
1333 2286 1529 2338 quartam
1562 2282 1739 2338 conqui-

175 2360 324 2396 rerem,
348 2346 427 2387 hac
459 2360 511 2387 ex
541 2346 738 2387 molestia
770 2345 966 2387 liberavit
980 2345 1014 2388 I.
1039 2345 1149 2386 Allb.
1168 2344 1213 2386 F
1213 2345 1412 2396 tibricolas,
1431 2346 1454 2386 ὁ
1474 2344 1734 2398 Δ(ιακαρίτης,·;

177 2405 222 2448 10
253 2404 510 2446 bibliotheca
535 2405 643 2446 enim
681 2420 757 2447 sua
788 2404 951 2447 mediae
985 2406 1026 2446 et-
1060 2404 1229 2446 infimae
1263 2403 1416 2444 aetatis
1459 2402 1592 2443 latina
1624 2402 1737 2452 dicit,

177 2465 222 2507 in
254 2463 502 2507 collectione
556 2467 930 2506 monumentorum
978 2466 1171 2505 veterum
1216 2461 1254 2504 S.
1286 2461 1396 2504 Frid.
1430 2461 1605 2512 Hahnii⁷
1638 2466 1667 2502 t.
1701 2462 1734 2502 I.

177 2523 459 2578 Brunsvigae,
526 2524 650 2567 1724.
712 2523 836 2574 edita,
899 2522 1105 2564 contineri
1157 2522 1394 2564 versionem
1449 2523 1737 2576 germanicam

180 2582 518 2638 antiquissimam
550 2583 758 2625 historiae
790 2585 976 2625 nostrae.
1008 2582 1190 2625 Ebertus
1223 2581 1264 2622 in
1286 2595 1362 2622 suo
1389 2581 1584 2636 „allgenr
1605 2581 1738 2621 litter.

179 2642 410 2693 Lexicon‚“
447 2644 498 2684 ad
530 2657 644 2683 num.
679 2641 806 2684 9189.
837 2642 1001 2696 prafixa
1034 2642 1170 2689 stella,
1194 2640 1424 2696 significat,
1448 2639 1603 2681 librum
1624 2639 1738 2680 hunc

180 2701 222 2744 in
254 2701 510 2744 bibliotheca
561 2700 691 2756 regia,
742 2700 928 2742 Diesdae
982 2715 1087 2742 esse.
1144 2699 1414 2742 Liberalitate
1466 2697 1624 2739 domini
1677 2698 1737 2738 dr.

180 2761 324 2803 Franc.
378 2761 561 2804 Scknorr
611 2761 659 2803 de
717 2759 963 2814 Carolsfeld,
1017 2758 1114 2814 (filii
1146 2758 1292 2813 magni
1323 2757 1505 2800 nominis
1543 2756 1742 2812 pictoris)
