1970 3344
1666 202 1796 244 XVII

95 337 164 378 De
200 337 441 379 historiae
476 341 682 380 nostrae
717 339 1138 382 translationibus
1174 344 1452 395 respective
1478 348 1794 388 retractatio-

691 399 839 438 nibus
874 399 1180 452 hungaricis.

236 467 456 510 Historiae
471 466 598 508 huius
622 467 671 508 de
695 467 857 508 duobus
872 469 1128 517 amantibus,
1144 469 1359 524 (Euryalo
1375 474 1418 513 et
1440 472 1653 520 Lucretia)
1686 488 1793 528 gau-

93 529 240 568 demus
255 525 619 575 translationibus,
633 527 871 581 respective
891 527 1218 570 retractionibus
1244 530 1493 586 hzmyaricis
1509 532 1681 577 duabus,
1699 532 1793 576 Vna

90 586 254 636 harmn,
278 587 329 628 ab
353 600 557 641 anonymo
591 586 777 639 quodam
809 590 937 639 poeta
968 587 1219 641 hungarico,
1253 604 1362 631 anno
1398 591 1523 632 1577.
1556 591 1600 632 in
1633 592 1791 646 oppido

91 645 384 690 Saros-Patale
398 645 519 686 edita.
536 643 772 685 Secundum
787 645 1030 698 opinionem
1054 647 1289 689 doctissimi
1306 649 1383 690 viri
1406 649 1599 693 Aarom's
1617 652 1791 707 ›Szilddy

89 709 132 747 et
162 706 344 747 aliorum
366 704 641 755 eruditorum,
674 704 945 747 Valentinum
967 705 1159 749 Balassa
1180 707 1228 748 de
1265 706 1479 763 Gyarmat
1492 713 1530 751 et
1549 709 1705 759 Kelclcd‘,
1721 712 1792 765 qui

87 779 200 807 anno
227 766 352 806 1551.
367 768 507 815 natus,
524 777 634 804 anno
657 764 778 805 1594.
801 763 845 804 in
870 767 1158 819 oppugnanda
1172 780 1267 807 arce
1287 766 1590 821 Strigoniensi‚
1615 773 1789 824 accepto

87 825 270 874 vulnere,
303 826 440 866 morte
473 823 700 864 defunctus
733 825 809 873 est,
831 828 1047 865 auctorem
1078 825 1206 866 huius
1239 826 1448 868 versionis
1471 828 1643 869 laudare
1676 829 1787 871 licet.

85 883 252 926 Videsis
274 883 399 937 plura
413 883 589 936 desuper
620 883 663 924 in
697 883 920 924 memorati
952 884 1002 926 A.
1036 883 1200 938 Szilzidy
1224 885 1408 926 maxima
1440 901 1536 928 cum
1570 887 1791 942 diligentia

87 943 247 997 scripta
268 942 582 984 introductione
605 941 673 982 in:
706 941 954 996 „Gyarmati
994 943 1653 1001 13313151133111111101130111ἑ115101,“
1690 963 1786 1003 pag.

84 1003 181 1044 335.
198 1017 310 1056 seqq.
325 1002 554 1056 Budapest.
582 1001 706 1043 1879.
723 1002 835 1055 quod
849 1016 968 1055 opus,
984 1001 1048 1043 cui
1063 1006 1106 1044 et
1128 1004 1380 1045 retractatio
1403 1004 1477 1046 illa
1499 1005 1623 1053 inest,
1650 1007 1783 1049 edidit

83 1063 263 1104 societas
295 1060 499 1102 historica
530 1060 774 1116 hungarica.

210 1121 306 1172 ⁴Sed
340 1120 484 1175 opinio
518 1120 597 1161 viri
628 1119 966 1161 reverendissimi
1008 1121 1189 1162 Aaronis
1235 1122 1415 1176 Szilady,
1447 1125 1785 1167 translationem.

82 1180 166 1222 sive
199 1179 547 1222 retractationem
572 1179 692 1228 hanc,
715 1178 903 1220 versibus
925 1179 1171 1235 hungaricis
1195 1181 1413 1230 inclusam,
1437 1197 1543 1237 opus
1566 1183 1785 1227 Valentini

81 1239 278 1281 Balassae
302 1255 406 1289 esse,
429 1238 732 1279 verisimillime
769 1239 924 1280 caduca
957 1244 1035 1289 est,
1069 1239 1166 1293 quia
1200 1240 1264 1282 vir
1297 1241 1569 1284 doctissimus
1603 1244 1785 1288 Ioannes

80 1300 223 1354 Hle‘sy,
257 1299 300 1340 in
334 1297 698 1353 ephemeridibus:
725 1298 1172 1352 „Irodaiomtorteneti
1194 1300 1534 1354 kozlenienyek,“
1567 1302 1784 1357 (Commu-

79 1359 316 1400 nicationes
339 1373 390 1399 ex
412 1357 593 1400 historia
614 1357 874 1411 litterarum)
918 1358 1147 1413 Budapest.
1190 1359 1311 1400 1895.
1333 1375 1429 1415 pag.
1456 1361 1550 1401 192.
1576 1377 1688 1417 seqq.
1714 1364 1784 1404 de-

77 1421 304 1465 monstrat,
340 1418 452 1472 quod
476 1419 520 1457 et
542 1417 610 1458 vir
643 1416 965 1466 eruditissimus,
999 1421 1139 1459 minor
1170 1421 1276 1459 natu
1308 1419 1448 1462 Iulius
1479 1420 1715 1473 Minoo-its,
1740 1422 1783 1463 in

77 1477 224 1519 iisdem
286 1475 634 1531 ephemeridibus
695 1476 820 1517 1896.
855 1489 954 1530 pag.
991 1478 1042 1518 16
1091 1492 1204 1531 seqq.
1238 1479 1472 1533 appiobat:
1512 1480 1780 1522 Valentinum

75 1537 252 1579 Balassa
273 1540 376 1578 tunc
408 1537 630 1590 temporis,
665 1536 829 1590 (1577.)
846 1536 1045 1577 Patakini
1060 1551 1145 1577 non
1161 1537 1337 1593 degisse.
1361 1553 1541 1592 eumque
1564 1549 1780 1582 auctorem

78 1596 204 1638 huius
238 1596 379 1650 operis
413 1610 506 1637 esse
537 1609 622 1635 non
655 1595 860 1650 potuisse,
896 1596 965 1636 sed
985 1596 1217 1638 verisimile
1250 1612 1351 1646 esse,
1383 1597 1601 1651 lyricinem
1634 1615 1780 1653 quein-

74 1656 169 1697 flam
202 1655 428 1710 hospitem,
461 1669 645 1708 quorum
661 1669 710 1695 ea
725 1657 865 1695 aetate
898 1654 1019 1695 inulti
1053 1656 1188 1697 adhuc
1211 1671 1287 1710 per
1308 1657 1501 1712 singulas
1522 1673 1636 1700 arces
1668 1674 1779 1701 erra-

72 1715 179 1756 bant
212 1718 266 1767 et,
298 1715 345 1755 in
368 1715 606 1769 gratiarum
629 1716 839 1755 actionem
861 1729 938 1767 pro
962 1715 1128 1756 collatis
1162 1715 1206 1756 in
1222 1730 1264 1756 se
1279 1715 1478 1770 hospitiis
1501 1721 1627 1771 atque
1650 1719 1778 1760 bene-

72 1774 193 1823 ficiis,
219 1800 270 1803 —
308 1773 416 1815 arcis
462 1773 632 1814 domino
686 1773 985 1817 inserviebant.
1041 1800 1092 1804 —
1128 1774 1352 1816 historiam
1384 1780 1574 1818 nostram
1608 1777 1646 1818 in
1683 1793 1776 1819 arce

72 1834 253 1875 familiae
288 1833 422 1886 Dob6,
460 1832 675 1882 Patakini,
709 1833 1014 1887 composuisse.

214 1892 383 1934 Dividit
414 1907 647 1946 anonymus
694 1891 961 1934 Patakiensis
993 1892 1217 1934 historiam
1256 1893 1375 1942 hanc,
1409 1909 1516 1948 quae
1550 1896 1773 1938 universim

70 1966 120 1993 ex
143 1952 256 1993 mille
279 1951 528 2007 quingentis
551 1966 624 1992 sex
646 1951 842 1994 versibus
866 1955 1045 2002 constat,
1069 1952 1112 1993 in
1135 1958 1278 2007 partes
1306 1953 1501 2008 quinque.

211 2010 383 2067 Viginti
430 2014 613 2065 quatuor
660 2011 864 2059 versibus,
909 2011 1113 2053 historiae
1145 2015 1327 2061 nostrae,
1360 2018 1410 2054 ut
1440 2013 1773 2063 introductione,

71 2071 331 2126 pi·ae1nissis›‚
354 2085 478 2112 versu
495 2069 704 2126 vigesimo
727 2072 880 2124 quinto
905 2085 996 2112 eam
1020 2071 1193 2112 inchoat
1214 2072 1485 2125 imperatoris
1508 2072 1772 2128 Sigismundi

69 2131 267 2185 ingressu
298 2129 342 2171 in
374 2130 591 2171 civitatem
625 2128 769 2171 Senas.
802 2129 904 2171 Pars
936 2130 1073 2183 prima
1104 2130 1252 2172 finitur
1283 2146 1408 2172 versu
1443 2133 1539 2174 215.

211 2189 317 2231 Pars
349 2190 533 2231 secunda
565 2189 795 2230 inchoatur
828 2192 1031 2243 sequente
1055 2189 1262 2232 disticho:

215 2249 340 2300 „Non
362 2252 540 2303 potuere
573 2249 646 2290 diu
679 2247 865 2289 validum
899 2248 1094 2290 cohibere
1126 2249 1326 2299 furorem,

216 2308 439 2358 „Prodidit
460 2311 653 2349 incensas
676 2308 823 2349 charta
845 2323 1080 2362 manusque
1103 2308 1253 2359 faces.,“
1292 2312 1336 2350 et
1353 2308 1501 2350 finitur
1515 2323 1642 2351 versu
1677 2309 1772 2355 501,

210 2366 314 2407 Pars
347 2367 425 2409 III.
459 2367 503 2408 in
534 2368 646 2408 hunc
678 2368 849 2408 modum
883 2367 1084 2408 instituta
1115 2371 1210 2410 est:

216 2426 377 2477 „Quam
411 2426 485 2476 vir,
519 2442 645 2480 quam
679 2431 826 2479 mater,
859 2441 985 2481 quam
1018 2427 1144 2468 ianua
1176 2427 1300 2468 firma
1331 2428 1540 2475 1301101131,ίι

217 2485 420 2535 ..Artibus
443 2488 510 2526 est
533 2487 705 2527 tandem
729 2485 916 2527 foemina
937 2485 1049 2527 victa
1085 2486 1196 2527 31113α
1224 2490 1266 2527 et
1288 2500 1414 2527 versu
1437 2486 1533 2527 855.
1562 2487 1614 2527 ad
1639 2487 1766 2527 finem

63 2544 299 2590 adducitur,

202 2602 308 2644 Pars
345 2602 419 2643 IV.
451 2602 517 2644 his
549 2602 695 2658 incipit
725 2604 953 2645 versibus:

205 2663 353 2718 „Alter
385 2676 531 2702 amans
562 2661 748 2703 Pacorus
783 2666 886 2712 erat,
919 2678 1045 2717 quem
1076 2663 1261 2705 foemina
1293 2662 1468 2717 sprevit,

210 2720 418 2776 „Euryalo
443 2722 615 2776 gratum
637 2722 709 2762 illa
731 2721 928 2776 praebuit
941 2722 1142 2763 thorum“
1160 2726 1202 2763 et
1217 2723 1345 2763 finem
1360 2721 1471 2776 capit
1486 2735 1612 2764 versu
1638 2721 1764 2764 1284.

199 2780 305 2823 Pars
338 2780 388 2826 V.
421 2780 479 2822 sic
510 2780 756 2821 inchoatur:

204 2840 463 2895 „Postquam
494 2840 612 2881 nulla
644 2840 770 2880 datur
802 2839 980 2881 coeundi
1013 2842 1146 2893 copia,
1178 2843 1360 2895 nuptam

203 2899 409 2952 „Artibus
443 2903 509 2940 est
540 2899 714 2940 tandem
746 2899 933 2940 foemina
964 2898 1074 2940 victa
1105 2898 1229 2941 suis·“

198 2958 348 2999 Inveni
380 2961 521 2999 autem
565 2958 608 3000 in
652 2957 908 2999 bibliotheca
952 2958 1203 2999 Academiae
1234 2958 1495 3012 hungaricae
1528 2956 1759 2998 editionem

62 3015 187 3057 huius
219 3016 533 3059 retractationis
563 3017 608 3058 in
639 3017 776 3058 forma
791 3016 864 3058 IV.
898 3017 1053 3071 absque
1077 3017 1223 3067 indice,
1242 3017 1592 3071 antiquissimam.
1617 3016 1660 3057 in
1676 3031 1760 3069 qua

61 3076 154 3116 1000
188 3075 318 3117 huius
350 3075 488 3117 ultimi
520 3075 807 3130 pentamentri
840 3076 1013 3132 legitur.-

1686 3155 1706 3170 0

1687 3176 1705 3188 H
