<?xml version="1.0" encoding="UTF-8"?>
<!DOCTYPE html PUBLIC "-//W3C//DTD XHTML 1.0 Transitional//EN"
    "http://www.w3.org/TR/xhtml1/DTD/xhtml1-transitional.dtd">
<html xmlns="http://www.w3.org/1999/xhtml" xml:lang="en" lang="en">
 <head>
  <title>
</title>
<meta http-equiv="Content-Type" content="text/html;charset=utf-8" />
  <meta name='ocr-system' content='tesseract 3.04.00' />
  <meta name='ocr-capabilities' content='ocr_page ocr_carea ocr_par ocr_line ocrx_word'/>
</head>
<body>
  <div class='ocr_page' id='page_1' title='image "aeneaesylviipicc00piusuoft_0009.png"; bbox 0 0 2007 3242; ppageno 0'>
   <div class='ocr_carea' id='block_1_1' title="bbox 1641 355 1707 398">
    <p class='ocr_par' dir='ltr' id='par_1_1' title="bbox 1641 355 1707 398">
     <span class='ocr_line' id='line_1_1' title="bbox 1641 355 1707 398; baseline -0.03 0"><span class='ocrx_word' id='word_1_1' title='bbox 1641 355 1707 398; x_wconf 85' lang='lat' dir='ltr'>III</span> 
     </span>
    </p>
   </div>
   <div class='ocr_carea' id='block_1_2' title="bbox 589 488 1266 560">
    <p class='ocr_par' dir='ltr' id='par_1_2' title="bbox 589 488 1266 560">
     <span class='ocr_line' id='line_1_2' title="bbox 589 488 1266 560; baseline 0.006 -19"><span class='ocrx_word' id='word_1_2' title='bbox 589 488 856 544; x_wconf 82' lang='lat' dir='ltr'>Domine</span> <span class='ocrx_word' id='word_1_3' title='bbox 894 491 1237 560; x_wconf 83' lang='lat' dir='ltr'>Magnifice</span> <span class='ocrx_word' id='word_1_4' title='bbox 1256 491 1266 545; x_wconf 85' lang='lat'><strong>!</strong></span> 
     </span>
    </p>
   </div>
   <div class='ocr_carea' id='block_1_3' title="bbox 114 656 1716 2614">
    <p class='ocr_par' dir='ltr' id='par_1_3' title="bbox 145 656 1711 1067">
     <span class='ocr_line' id='line_1_3' title="bbox 292 656 1708 713; baseline 0.004 -15"><span class='ocrx_word' id='word_1_5' title='bbox 292 656 505 698; x_wconf 88' lang='lat' dir='ltr'>Noctibus</span> <span class='ocrx_word' id='word_1_6' title='bbox 571 656 929 699; x_wconf 85' lang='lat' dir='ltr'>contractioribus</span> <span class='ocrx_word' id='word_1_7' title='bbox 991 659 1261 701; x_wconf 87' lang='lat' dir='ltr'>lucubratum</span> <span class='ocrx_word' id='word_1_8' title='bbox 1323 661 1585 713; x_wconf 85' lang='lat' dir='ltr'>opusculum,</span> <span class='ocrx_word' id='word_1_9' title='bbox 1654 677 1708 703; x_wconf 87' lang='lat' dir='ltr'>an</span> 
     </span>
     <span class='ocr_line' id='line_1_4' title="bbox 145 714 1710 774; baseline 0.002 -15"><span class='ocrx_word' id='word_1_10' title='bbox 145 716 339 759; x_wconf 75' lang='lat' dir='ltr'>dicarem</span> <span class='ocrx_word' id='word_1_11' title='bbox 370 716 474 764; x_wconf 79' lang='lat' dir='ltr'>Tibi,</span> <span class='ocrx_word' id='word_1_12' title='bbox 518 714 580 756; x_wconf 85' lang='lat' dir='ltr'>vir</span> <span class='ocrx_word' id='word_1_13' title='bbox 637 716 910 770; x_wconf 74' lang='lat' dir='ltr'>amplissime,</span> <span class='ocrx_word' id='word_1_14' title='bbox 973 717 1045 759; x_wconf 88' lang='lat' dir='ltr'>diu</span> <span class='ocrx_word' id='word_1_15' title='bbox 1097 719 1221 760; x_wconf 88' lang='lat' dir='ltr'>dubia</span> <span class='ocrx_word' id='word_1_16' title='bbox 1272 720 1537 774; x_wconf 68' lang='lat' dir='ltr'>ancipitique</span> <span class='ocrx_word' id='word_1_17' title='bbox 1569 725 1710 763; x_wconf 85' lang='lat' dir='ltr'>mente</span> 
     </span>
     <span class='ocr_line' id='line_1_5' title="bbox 146 775 1710 834; baseline 0.003 -17"><span class='ocrx_word' id='word_1_18' title='bbox 146 776 433 817; x_wconf 68' lang='lat' dir='ltr'>distrahebat.</span> <span class='ocrx_word' id='word_1_19' title='bbox 465 775 575 817; x_wconf 81' lang='lat' dir='ltr'>Cum</span> <span class='ocrx_word' id='word_1_20' title='bbox 608 776 717 817; x_wconf 88' lang='lat' dir='ltr'>emin</span> <span class='ocrx_word' id='word_1_21' title='bbox 751 776 809 817; x_wconf 86' lang='lat' dir='ltr'>Te</span> <span class='ocrx_word' id='word_1_22' title='bbox 842 776 1019 831; x_wconf 83' lang='lat' dir='ltr'>ingenio</span> <span class='ocrx_word' id='word_1_23' title='bbox 1052 781 1094 819; x_wconf 90' lang='lat' dir='ltr'>et</span> <span class='ocrx_word' id='word_1_24' title='bbox 1127 778 1318 820; x_wconf 77' lang='lat' dir='ltr'>scientiis</span> <span class='ocrx_word' id='word_1_25' title='bbox 1355 793 1485 833; x_wconf 83' lang='lat' dir='ltr'>prope</span> <span class='ocrx_word' id='word_1_26' title='bbox 1519 780 1710 834; x_wconf 85' lang='lat' dir='ltr'>singula-</span> 
     </span>
     <span class='ocr_line' id='line_1_6' title="bbox 153 835 1711 894; baseline 0.003 -17"><span class='ocrx_word' id='word_1_27' title='bbox 153 835 272 877; x_wconf 82' lang='lat' dir='ltr'>ribus</span> <span class='ocrx_word' id='word_1_28' title='bbox 305 835 550 877; x_wconf 86' lang='lat' dir='ltr'>videamus:</span> <span class='ocrx_word' id='word_1_29' title='bbox 584 837 687 889; x_wconf 89' lang='lat' dir='ltr'>quid</span> <span class='ocrx_word' id='word_1_30' title='bbox 721 835 894 890; x_wconf 80' lang='lat' dir='ltr'>dignum</span> <span class='ocrx_word' id='word_1_31' title='bbox 940 836 1179 879; x_wconf 71' lang='lat' dir='ltr'>eruditione</span> <span class='ocrx_word' id='word_1_32' title='bbox 1227 838 1331 887; x_wconf 86' lang='lat' dir='ltr'>Tua,</span> <span class='ocrx_word' id='word_1_33' title='bbox 1365 843 1438 880; x_wconf 88' lang='lat' dir='ltr'>aut</span> <span class='ocrx_word' id='word_1_34' title='bbox 1471 845 1536 881; x_wconf 89' lang='lat' dir='ltr'>sat</span> <span class='ocrx_word' id='word_1_35' title='bbox 1569 840 1711 894; x_wconf 83' lang='lat' dir='ltr'>explo-</span> 
     </span>
     <span class='ocr_line' id='line_1_7' title="bbox 151 895 1710 953; baseline 0.003 -18"><span class='ocrx_word' id='word_1_36' title='bbox 151 897 294 936; x_wconf 85' lang='lat' dir='ltr'>ratum</span> <span class='ocrx_word' id='word_1_37' title='bbox 338 895 663 950; x_wconf 84' lang='lat' dir='ltr'>probatumque,</span> <span class='ocrx_word' id='word_1_38' title='bbox 715 895 842 936; x_wconf 92' lang='lat' dir='ltr'>homo</span> <span class='ocrx_word' id='word_1_39' title='bbox 876 910 955 951; x_wconf 84' lang='lat' dir='ltr'>ego</span> <span class='ocrx_word' id='word_1_40' title='bbox 989 896 1162 937; x_wconf 86' lang='lat' dir='ltr'>minime</span> <span class='ocrx_word' id='word_1_41' title='bbox 1195 897 1463 948; x_wconf 85' lang='lat' dir='ltr'>ambitiosus,</span> <span class='ocrx_word' id='word_1_42' title='bbox 1519 900 1710 953; x_wconf 81' lang='lat' dir='ltr'>simplex,</span> 
     </span>
     <span class='ocr_line' id='line_1_8' title="bbox 149 953 1710 1013; baseline 0.002 -17"><span class='ocrx_word' id='word_1_43' title='bbox 149 958 386 1009; x_wconf 84' lang='lat' dir='ltr'>rectusque,</span> <span class='ocrx_word' id='word_1_44' title='bbox 435 954 482 995; x_wconf 93' lang='lat' dir='ltr'>in</span> <span class='ocrx_word' id='word_1_45' title='bbox 515 954 668 995; x_wconf 78' lang='lat' dir='ltr'>studiis</span> <span class='ocrx_word' id='word_1_46' title='bbox 700 953 942 996; x_wconf 81' lang='lat' dir='ltr'>litterarum</span> <span class='ocrx_word' id='word_1_47' title='bbox 988 956 1220 998; x_wconf 83' lang='lat' dir='ltr'>scribendis</span> <span class='ocrx_word' id='word_1_48' title='bbox 1252 957 1380 999; x_wconf 91' lang='lat' dir='ltr'>homo</span> <span class='ocrx_word' id='word_1_49' title='bbox 1412 972 1563 1008; x_wconf 81' lang='lat' dir='ltr'>novus,</span> <span class='ocrx_word' id='word_1_50' title='bbox 1597 959 1710 1013; x_wconf 88' lang='lat' dir='ltr'>apud</span> 
     </span>
     <span class='ocr_line' id='line_1_9' title="bbox 149 1013 912 1067; baseline 0.004 -12"><span class='ocrx_word' id='word_1_51' title='bbox 149 1014 207 1056; x_wconf 89' lang='lat' dir='ltr'>Te</span> <span class='ocrx_word' id='word_1_52' title='bbox 241 1014 391 1055; x_wconf 86' lang='lat' dir='ltr'>afferre</span> <span class='ocrx_word' id='word_1_53' title='bbox 424 1029 603 1067; x_wconf 83' lang='lat' dir='ltr'>possem,</span> <span class='ocrx_word' id='word_1_54' title='bbox 636 1013 912 1058; x_wconf 69' lang='lat' dir='ltr'>haesitabam.</span> 
     </span>
    </p>

    <p class='ocr_par' dir='ltr' id='par_1_4' title="bbox 148 1073 1712 1484">
     <span class='ocr_line' id='line_1_10' title="bbox 292 1073 1712 1131; baseline 0.001 -16"><span class='ocrx_word' id='word_1_55' title='bbox 292 1073 513 1127; x_wconf 80' lang='lat' dir='ltr'>Numquid</span> <span class='ocrx_word' id='word_1_56' title='bbox 546 1088 596 1114; x_wconf 79' lang='lat' dir='ltr'>ex</span> <span class='ocrx_word' id='word_1_57' title='bbox 640 1087 742 1128; x_wconf 72' lang='lat' dir='ltr'>agro</span> <span class='ocrx_word' id='word_1_58' title='bbox 795 1073 934 1115; x_wconf 89' lang='lat' dir='ltr'>ieiuno</span> <span class='ocrx_word' id='word_1_59' title='bbox 967 1077 1011 1115; x_wconf 89' lang='lat' dir='ltr'>et</span> <span class='ocrx_word' id='word_1_60' title='bbox 1064 1075 1164 1116; x_wconf 80' lang='lat' dir='ltr'>exili</span> <span class='ocrx_word' id='word_1_61' title='bbox 1215 1089 1342 1130; x_wconf 86' lang='lat' dir='ltr'>poma</span> <span class='ocrx_word' id='word_1_62' title='bbox 1378 1075 1603 1131; x_wconf 84' lang='lat' dir='ltr'>Alcinoo‚¹)</span> <span class='ocrx_word' id='word_1_63' title='bbox 1637 1079 1712 1118; x_wconf 89' lang='lat' dir='ltr'>aut</span> 
     </span>
     <span class='ocr_line' id='line_1_11' title="bbox 152 1132 1710 1191; baseline 0.002 -17"><span class='ocrx_word' id='word_1_64' title='bbox 152 1133 308 1174; x_wconf 80' lang='lat' dir='ltr'>Florae</span> <span class='ocrx_word' id='word_1_65' title='bbox 341 1132 492 1181; x_wconf 70' lang='lat' dir='ltr'>serta2)</span> <span class='ocrx_word' id='word_1_66' title='bbox 527 1133 625 1173; x_wconf 86' lang='lat' dir='ltr'>dare</span> <span class='ocrx_word' id='word_1_67' title='bbox 657 1138 879 1174; x_wconf 83' lang='lat' dir='ltr'>tentarem.</span> <span class='ocrx_word' id='word_1_68' title='bbox 912 1136 972 1184; x_wconf 86' lang='lat' dir='ltr'>ut,</span> <span class='ocrx_word' id='word_1_69' title='bbox 1006 1135 1117 1188; x_wconf 84' lang='lat' dir='ltr'>quod</span> <span class='ocrx_word' id='word_1_70' title='bbox 1149 1134 1396 1176; x_wconf 85' lang='lat' dir='ltr'>Phormioni</span> <span class='ocrx_word' id='word_1_71' title='bbox 1442 1134 1710 1191; x_wconf 80' lang='lat' dir='ltr'>Hannibal‚3)</span> 
     </span>
     <span class='ocr_line' id='line_1_12' title="bbox 151 1191 1712 1250; baseline 0.001 -16"><span class='ocrx_word' id='word_1_72' title='bbox 151 1192 193 1234; x_wconf 90' lang='lat' dir='ltr'>id</span> <span class='ocrx_word' id='word_1_73' title='bbox 225 1193 288 1234; x_wconf 87' lang='lat' dir='ltr'>Tu</span> <span class='ocrx_word' id='word_1_74' title='bbox 320 1192 428 1233; x_wconf 88' lang='lat' dir='ltr'>mihi</span> <span class='ocrx_word' id='word_1_75' title='bbox 461 1191 727 1234; x_wconf 77' lang='lat' dir='ltr'>obiectares&#39;?</span> <span class='ocrx_word' id='word_1_76' title='bbox 760 1192 924 1234; x_wconf 83' lang='lat' dir='ltr'>Rursus</span> <span class='ocrx_word' id='word_1_77' title='bbox 970 1193 1351 1235; x_wconf 81' lang='lat' dir='ltr'>commentationes</span> <span class='ocrx_word' id='word_1_78' title='bbox 1385 1208 1512 1247; x_wconf 81' lang='lat' dir='ltr'>meas,</span> <span class='ocrx_word' id='word_1_79' title='bbox 1545 1197 1712 1250; x_wconf 85' lang='lat' dir='ltr'>quales-</span> 
     </span>
     <span class='ocr_line' id='line_1_13' title="bbox 151 1251 1711 1309; baseline 0.002 -17"><span class='ocrx_word' id='word_1_80' title='bbox 151 1266 317 1307; x_wconf 90' lang='lat' dir='ltr'>cunque</span> <span class='ocrx_word' id='word_1_81' title='bbox 370 1252 514 1292; x_wconf 80' lang='lat' dir='ltr'>forent</span> <span class='ocrx_word' id='word_1_82' title='bbox 567 1251 684 1292; x_wconf 83' lang='lat' dir='ltr'>cuius</span> <span class='ocrx_word' id='word_1_83' title='bbox 740 1251 978 1305; x_wconf 86' lang='lat' dir='ltr'>patrocinio</span> <span class='ocrx_word' id='word_1_84' title='bbox 1030 1253 1177 1307; x_wconf 81' lang='lat' dir='ltr'>potius</span> <span class='ocrx_word' id='word_1_85' title='bbox 1210 1253 1533 1304; x_wconf 85' lang='lat' dir='ltr'>committerem,</span> <span class='ocrx_word' id='word_1_86' title='bbox 1586 1269 1711 1309; x_wconf 88' lang='lat' dir='ltr'>quam</span> 
     </span>
     <span class='ocr_line' id='line_1_14' title="bbox 148 1310 1711 1366; baseline 0.001 -13"><span class='ocrx_word' id='word_1_87' title='bbox 148 1311 257 1361; x_wconf 83' lang='lat' dir='ltr'>Tuo,</span> <span class='ocrx_word' id='word_1_88' title='bbox 309 1310 516 1352; x_wconf 85' lang='lat' dir='ltr'>habebam</span> <span class='ocrx_word' id='word_1_89' title='bbox 568 1310 793 1352; x_wconf 89' lang='lat' dir='ltr'>neminem.</span> <span class='ocrx_word' id='word_1_90' title='bbox 847 1310 971 1366; x_wconf 77' lang='lat' dir='ltr'>Solus</span> <span class='ocrx_word' id='word_1_91' title='bbox 1025 1312 1088 1353; x_wconf 88' lang='lat' dir='ltr'>Tu</span> <span class='ocrx_word' id='word_1_92' title='bbox 1133 1312 1237 1354; x_wconf 89' lang='lat' dir='ltr'>mihi</span> <span class='ocrx_word' id='word_1_93' title='bbox 1285 1313 1548 1364; x_wconf 79' lang='lat' dir='ltr'>occurrebas,</span> <span class='ocrx_word' id='word_1_94' title='bbox 1594 1315 1711 1355; x_wconf 86' lang='lat' dir='ltr'>cuius</span> 
     </span>
     <span class='ocr_line' id='line_1_15' title="bbox 150 1369 1711 1425; baseline 0.003 -14"><span class='ocrx_word' id='word_1_95' title='bbox 150 1369 311 1425; x_wconf 82' lang='lat' dir='ltr'>ingenii</span> <span class='ocrx_word' id='word_1_96' title='bbox 343 1372 634 1425; x_wconf 82' lang='lat' dir='ltr'>praestantem</span> <span class='ocrx_word' id='word_1_97' title='bbox 667 1370 766 1420; x_wconf 73' lang='lat' dir='ltr'>vim,</span> <span class='ocrx_word' id='word_1_98' title='bbox 799 1370 942 1416; x_wconf 74' lang='lat' dir='ltr'>amimi</span> <span class='ocrx_word' id='word_1_99' title='bbox 977 1373 1111 1421; x_wconf 80' lang='lat' dir='ltr'>dotes,</span> <span class='ocrx_word' id='word_1_100' title='bbox 1145 1387 1238 1413; x_wconf 83' lang='lat' dir='ltr'>acre</span> <span class='ocrx_word' id='word_1_101' title='bbox 1261 1371 1461 1414; x_wconf 90' lang='lat' dir='ltr'>iudicium</span> <span class='ocrx_word' id='word_1_102' title='bbox 1484 1375 1535 1414; x_wconf 89' lang='lat' dir='ltr'>de</span> <span class='ocrx_word' id='word_1_103' title='bbox 1560 1373 1711 1415; x_wconf 86' lang='lat' dir='ltr'>studiis</span> 
     </span>
     <span class='ocr_line' id='line_1_16' title="bbox 150 1430 1692 1484; baseline 0.003 -13"><span class='ocrx_word' id='word_1_104' title='bbox 150 1431 360 1472; x_wconf 87' lang='lat' dir='ltr'>bonarum</span> <span class='ocrx_word' id='word_1_105' title='bbox 392 1430 548 1471; x_wconf 88' lang='lat' dir='ltr'>artium</span> <span class='ocrx_word' id='word_1_106' title='bbox 581 1432 624 1470; x_wconf 90' lang='lat' dir='ltr'>et</span> <span class='ocrx_word' id='word_1_107' title='bbox 656 1430 772 1471; x_wconf 89' lang='lat' dir='ltr'>omni</span> <span class='ocrx_word' id='word_1_108' title='bbox 805 1430 1062 1484; x_wconf 81' lang='lat' dir='ltr'>antiquitate</span> <span class='ocrx_word' id='word_1_109' title='bbox 1095 1432 1308 1474; x_wconf 70' lang='lat' dir='ltr'>novimus.</span> <span class='ocrx_word' id='word_1_110' title='bbox 1688 1447 1692 1451; x_wconf 81' lang='grc'><em>·</em></span> 
     </span>
    </p>

    <p class='ocr_par' dir='ltr' id='par_1_5' title="bbox 152 1488 1713 1724">
     <span class='ocr_line' id='line_1_17' title="bbox 294 1488 1711 1542; baseline 0.001 -11"><span class='ocrx_word' id='word_1_111' title='bbox 294 1490 368 1542; x_wconf 73' lang='lat' dir='ltr'>Tu,</span> <span class='ocrx_word' id='word_1_112' title='bbox 402 1488 630 1530; x_wconf 77' lang='lat' dir='ltr'>maximum</span> <span class='ocrx_word' id='word_1_113' title='bbox 654 1489 759 1530; x_wconf 84' lang='lat' dir='ltr'>artis</span> <span class='ocrx_word' id='word_1_114' title='bbox 784 1495 954 1531; x_wconf 79' lang='lat' dir='ltr'>nostrae</span> <span class='ocrx_word' id='word_1_115' title='bbox 987 1491 1122 1540; x_wconf 85' lang='lat' dir='ltr'>decus,</span> <span class='ocrx_word' id='word_1_116' title='bbox 1156 1491 1343 1532; x_wconf 80' lang='lat' dir='ltr'>animum</span> <span class='ocrx_word' id='word_1_117' title='bbox 1369 1505 1511 1533; x_wconf 85' lang='lat' dir='ltr'>meum</span> <span class='ocrx_word' id='word_1_118' title='bbox 1533 1491 1711 1533; x_wconf 85' lang='lat' dir='ltr'>haeren—</span> 
     </span>
     <span class='ocr_line' id='line_1_18' title="bbox 152 1548 1713 1603; baseline 0.001 -13"><span class='ocrx_word' id='word_1_119' title='bbox 152 1551 240 1590; x_wconf 86' lang='lat' dir='ltr'>tem</span> <span class='ocrx_word' id='word_1_120' title='bbox 274 1550 326 1590; x_wconf 89' lang='lat' dir='ltr'>ad</span> <span class='ocrx_word' id='word_1_121' title='bbox 359 1549 609 1603; x_wconf 84' lang='lat' dir='ltr'>opusculum</span> <span class='ocrx_word' id='word_1_122' title='bbox 641 1548 723 1590; x_wconf 91' lang='lat' dir='ltr'>hoc</span> <span class='ocrx_word' id='word_1_123' title='bbox 756 1550 963 1590; x_wconf 88' lang='lat' dir='ltr'>edendum</span> <span class='ocrx_word' id='word_1_124' title='bbox 995 1550 1196 1592; x_wconf 81' lang='lat' dir='ltr'>incitasti.</span> <span class='ocrx_word' id='word_1_125' title='bbox 1231 1550 1323 1601; x_wconf 77' lang='lat' dir='ltr'>Sed,</span> <span class='ocrx_word' id='word_1_126' title='bbox 1357 1555 1404 1591; x_wconf 86' lang='lat' dir='ltr'>ut</span> <span class='ocrx_word' id='word_1_127' title='bbox 1437 1566 1532 1592; x_wconf 86' lang='lat' dir='ltr'>cum</span> <span class='ocrx_word' id='word_1_128' title='bbox 1569 1553 1713 1593; x_wconf 87' lang='lat' dir='ltr'>Aenea</span> 
     </span>
     <span class='ocr_line' id='line_1_19' title="bbox 152 1608 1711 1664; baseline 0.001 -15"><span class='ocrx_word' id='word_1_129' title='bbox 152 1611 303 1650; x_wconf 86' lang='lat' dir='ltr'>nostro</span> <span class='ocrx_word' id='word_1_130' title='bbox 335 1609 509 1663; x_wconf 82' lang='lat' dir='ltr'>loquar:</span> <span class='ocrx_word' id='word_1_131' title='bbox 547 1623 655 1664; x_wconf 77' lang='lat' dir='ltr'>„non</span> <span class='ocrx_word' id='word_1_132' title='bbox 690 1608 830 1650; x_wconf 87' lang='lat' dir='ltr'>minus</span> <span class='ocrx_word' id='word_1_133' title='bbox 863 1623 928 1650; x_wconf 88' lang='lat' dir='ltr'>me</span> <span class='ocrx_word' id='word_1_134' title='bbox 963 1610 1154 1651; x_wconf 83' lang='lat' dir='ltr'>scribere.</span> <span class='ocrx_word' id='word_1_135' title='bbox 1171 1625 1298 1664; x_wconf 85' lang='lat' dir='ltr'>quam</span> <span class='ocrx_word' id='word_1_136' title='bbox 1321 1609 1379 1651; x_wconf 83' lang='lat' dir='ltr'>Te</span> <span class='ocrx_word' id='word_1_137' title='bbox 1395 1625 1568 1663; x_wconf 87' lang='lat' dir='ltr'>poscere</span> <span class='ocrx_word' id='word_1_138' title='bbox 1583 1612 1711 1652; x_wconf 84' lang='lat' dir='ltr'>decet.</span> 
     </span>
     <span class='ocr_line' id='line_1_20' title="bbox 153 1668 1497 1724; baseline 0.001 -14"><span class='ocrx_word' id='word_1_139' title='bbox 153 1668 250 1723; x_wconf 80' lang='lat' dir='ltr'>Ego</span> <span class='ocrx_word' id='word_1_140' title='bbox 284 1668 415 1709; x_wconf 90' lang='lat' dir='ltr'>debeo</span> <span class='ocrx_word' id='word_1_141' title='bbox 449 1669 686 1723; x_wconf 84' lang='lat' dir='ltr'>morigerus</span> <span class='ocrx_word' id='word_1_142' title='bbox 720 1682 839 1724; x_wconf 78' lang='lat' dir='ltr'>esse3</span> <span class='ocrx_word' id='word_1_143' title='bbox 873 1668 939 1709; x_wconf 85' lang='lat' dir='ltr'>Tu</span> <span class='ocrx_word' id='word_1_144' title='bbox 969 1669 1072 1719; x_wconf 80' lang='lat' dir='ltr'>vide⁷</span> <span class='ocrx_word' id='word_1_145' title='bbox 1105 1670 1217 1723; x_wconf 87' lang='lat' dir='ltr'>quod</span> <span class='ocrx_word' id='word_1_146' title='bbox 1248 1670 1441 1723; x_wconf 70' lang='lat' dir='ltr'>postules</span> <span class='ocrx_word' id='word_1_147' title='bbox 1463 1673 1497 1712; x_wconf 75' lang='lat'>!“</span> 
     </span>
    </p>

    <p class='ocr_par' dir='ltr' id='par_1_6' title="bbox 153 1726 1714 2316">
     <span class='ocr_line' id='line_1_21' title="bbox 296 1726 1714 1783; baseline 0 -15"><span class='ocrx_word' id='word_1_148' title='bbox 296 1726 526 1769; x_wconf 81' lang='lat' dir='ltr'>Stimulum</span> <span class='ocrx_word' id='word_1_149' title='bbox 592 1727 791 1768; x_wconf 86' lang='lat' dir='ltr'>addidisti</span> <span class='ocrx_word' id='word_1_150' title='bbox 843 1728 895 1768; x_wconf 89' lang='lat' dir='ltr'>ad</span> <span class='ocrx_word' id='word_1_151' title='bbox 949 1728 1255 1783; x_wconf 78' lang='lat' dir='ltr'>expediendam</span> <span class='ocrx_word' id='word_1_152' title='bbox 1307 1744 1394 1769; x_wconf 89' lang='lat' dir='ltr'>ren]</span> <span class='ocrx_word' id='word_1_153' title='bbox 1453 1729 1625 1770; x_wconf 89' lang='lat' dir='ltr'>arduam</span> <span class='ocrx_word' id='word_1_154' title='bbox 1671 1732 1714 1770; x_wconf 88' lang='lat' dir='ltr'>et</span> 
     </span>
     <span class='ocr_line' id='line_1_22' title="bbox 153 1786 1712 1843; baseline 0.002 -16"><span class='ocrx_word' id='word_1_155' title='bbox 153 1786 323 1842; x_wconf 81' lang='lat' dir='ltr'>magnis</span> <span class='ocrx_word' id='word_1_156' title='bbox 357 1786 685 1828; x_wconf 72' lang='lat' dir='ltr'>difficultatibus</span> <span class='ocrx_word' id='word_1_157' title='bbox 717 1786 979 1841; x_wconf 78' lang='lat' dir='ltr'>implicitam,</span> <span class='ocrx_word' id='word_1_158' title='bbox 1014 1803 1140 1841; x_wconf 82' lang='lat' dir='ltr'>quam</span> <span class='ocrx_word' id='word_1_159' title='bbox 1170 1803 1258 1830; x_wconf 88' lang='lat' dir='ltr'>non</span> <span class='ocrx_word' id='word_1_160' title='bbox 1299 1800 1576 1843; x_wconf 75' lang='lat' dir='ltr'>praepostero</span> <span class='ocrx_word' id='word_1_161' title='bbox 1609 1789 1712 1835; x_wconf 82' lang='lat' dir='ltr'>ullo,</span> 
     </span>
     <span class='ocr_line' id='line_1_23' title="bbox 153 1846 1714 1901; baseline 0.002 -15"><span class='ocrx_word' id='word_1_162' title='bbox 153 1853 231 1887; x_wconf 88' lang='lat' dir='ltr'>aut</span> <span class='ocrx_word' id='word_1_163' title='bbox 287 1846 500 1887; x_wconf 86' lang='lat' dir='ltr'>laureolae</span> <span class='ocrx_word' id='word_1_164' title='bbox 563 1848 757 1900; x_wconf 89' lang='lat' dir='ltr'>aucupio.</span> <span class='ocrx_word' id='word_1_165' title='bbox 821 1850 1063 1901; x_wconf 83' lang='lat' dir='ltr'>susceptam</span> <span class='ocrx_word' id='word_1_166' title='bbox 1117 1862 1140 1887; x_wconf 86' lang='lat' dir='ltr'>a</span> <span class='ocrx_word' id='word_1_167' title='bbox 1186 1863 1252 1889; x_wconf 88' lang='lat' dir='ltr'>me</span> <span class='ocrx_word' id='word_1_168' title='bbox 1314 1863 1414 1897; x_wconf 73' lang='lat' dir='ltr'>esse,</span> <span class='ocrx_word' id='word_1_169' title='bbox 1478 1862 1714 1889; x_wconf 78' lang='lat' dir='ltr'>asseverare</span> 
     </span>
     <span class='ocr_line' id='line_1_24' title="bbox 155 1905 1712 1960; baseline 0.001 -14"><span class='ocrx_word' id='word_1_170' title='bbox 155 1905 306 1960; x_wconf 87' lang='lat' dir='ltr'>quavis</span> <span class='ocrx_word' id='word_1_171' title='bbox 349 1905 625 1948; x_wconf 81' lang='lat' dir='ltr'>contentione</span> <span class='ocrx_word' id='word_1_172' title='bbox 677 1920 862 1959; x_wconf 84' lang='lat' dir='ltr'>possum.</span> <span class='ocrx_word' id='word_1_173' title='bbox 898 1906 1044 1960; x_wconf 80' lang='lat' dir='ltr'>Neque</span> <span class='ocrx_word' id='word_1_174' title='bbox 1097 1907 1318 1948; x_wconf 85' lang='lat' dir='ltr'>defuturos</span> <span class='ocrx_word' id='word_1_175' title='bbox 1350 1906 1396 1948; x_wconf 88' lang='lat' dir='ltr'>in</span> <span class='ocrx_word' id='word_1_176' title='bbox 1428 1907 1588 1948; x_wconf 83' lang='lat' dir='ltr'>nostris</span> <span class='ocrx_word' id='word_1_177' title='bbox 1623 1922 1712 1948; x_wconf 78' lang='lat' dir='ltr'>esse</span> 
     </span>
     <span class='ocr_line' id='line_1_25' title="bbox 155 1964 1712 2021; baseline 0.002 -16"><span class='ocrx_word' id='word_1_178' title='bbox 155 1965 254 2018; x_wconf 58' lang='lat' dir='ltr'>scio.</span> <span class='ocrx_word' id='word_1_179' title='bbox 287 1964 356 2019; x_wconf 88' lang='lat' dir='ltr'>qui</span> <span class='ocrx_word' id='word_1_180' title='bbox 391 1965 555 2020; x_wconf 81' lang='lat' dir='ltr'>gratiae</span> <span class='ocrx_word' id='word_1_181' title='bbox 607 1964 714 2006; x_wconf 83' lang='lat' dir='ltr'>nihil</span> <span class='ocrx_word' id='word_1_182' title='bbox 767 1966 922 2020; x_wconf 81' lang='lat' dir='ltr'>apponi</span> <span class='ocrx_word' id='word_1_183' title='bbox 974 1965 1089 2016; x_wconf 75' lang='lat' dir='ltr'>mihi,</span> <span class='ocrx_word' id='word_1_184' title='bbox 1142 1971 1215 2007; x_wconf 88' lang='lat' dir='ltr'>aut</span> <span class='ocrx_word' id='word_1_185' title='bbox 1258 1981 1374 2007; x_wconf 85' lang='lat' dir='ltr'>meae</span> <span class='ocrx_word' id='word_1_186' title='bbox 1406 1967 1503 2007; x_wconf 80' lang='lat' dir='ltr'>huic</span> <span class='ocrx_word' id='word_1_187' title='bbox 1538 1967 1712 2021; x_wconf 72' lang='lat' dir='ltr'>opellae,</span> 
     </span>
     <span class='ocr_line' id='line_1_26' title="bbox 155 2023 1713 2081; baseline 0.001 -15"><span class='ocrx_word' id='word_1_188' title='bbox 155 2023 384 2066; x_wconf 85' lang='lat' dir='ltr'>contractis</span> <span class='ocrx_word' id='word_1_189' title='bbox 417 2024 655 2079; x_wconf 82' lang='lat' dir='ltr'>superciliis</span> <span class='ocrx_word' id='word_1_190' title='bbox 688 2025 927 2079; x_wconf 82' lang='lat' dir='ltr'>decernent,</span> <span class='ocrx_word' id='word_1_191' title='bbox 977 2025 1188 2081; x_wconf 81' lang='lat' dir='ltr'>indignati</span> <span class='ocrx_word' id='word_1_192' title='bbox 1230 2029 1399 2067; x_wconf 87' lang='lat' dir='ltr'>tantum</span> <span class='ocrx_word' id='word_1_193' title='bbox 1434 2026 1507 2066; x_wconf 74' lang='lat' dir='ltr'>abs</span> <span class='ocrx_word' id='word_1_194' title='bbox 1542 2041 1587 2066; x_wconf 77' lang='lat' dir='ltr'>re</span> <span class='ocrx_word' id='word_1_195' title='bbox 1620 2041 1713 2067; x_wconf 87' lang='lat' dir='ltr'>mea</span> 
     </span>
     <span class='ocr_line' id='line_1_27' title="bbox 156 2083 1713 2140; baseline 0.001 -15"><span class='ocrx_word' id='word_1_196' title='bbox 156 2083 233 2125; x_wconf 91' lang='lat' dir='ltr'>otii</span> <span class='ocrx_word' id='word_1_197' title='bbox 265 2083 371 2125; x_wconf 89' lang='lat' dir='ltr'>mihi</span> <span class='ocrx_word' id='word_1_198' title='bbox 404 2083 548 2125; x_wconf 84' lang='lat' dir='ltr'>fuisse.</span> <span class='ocrx_word' id='word_1_199' title='bbox 582 2084 662 2126; x_wconf 71' lang='lat' dir='ltr'>sed</span> <span class='ocrx_word' id='word_1_200' title='bbox 694 2098 771 2125; x_wconf 89' lang='lat' dir='ltr'>nec</span> <span class='ocrx_word' id='word_1_201' title='bbox 802 2083 989 2138; x_wconf 88' lang='lat' dir='ltr'>praemia</span> <span class='ocrx_word' id='word_1_202' title='bbox 1020 2085 1121 2126; x_wconf 85' lang='lat' dir='ltr'>boni</span> <span class='ocrx_word' id='word_1_203' title='bbox 1152 2085 1292 2126; x_wconf 88' lang='lat' dir='ltr'>nuntii</span> <span class='ocrx_word' id='word_1_204' title='bbox 1330 2085 1381 2126; x_wconf 83' lang='lat' dir='ltr'>ab</span> <span class='ocrx_word' id='word_1_205' title='bbox 1414 2084 1466 2126; x_wconf 62' lang='lat' dir='ltr'>iis</span> <span class='ocrx_word' id='word_1_206' title='bbox 1500 2090 1713 2140; x_wconf 63' lang='lat' dir='ltr'>exqoecto.</span> 
     </span>
     <span class='ocr_line' id='line_1_28' title="bbox 158 2143 1714 2197; baseline 0.002 -13"><span class='ocrx_word' id='word_1_207' title='bbox 158 2143 316 2197; x_wconf 86' lang='lat' dir='ltr'>quibus</span> <span class='ocrx_word' id='word_1_208' title='bbox 351 2145 427 2184; x_wconf 90' lang='lat' dir='ltr'>aut</span> <span class='ocrx_word' id='word_1_209' title='bbox 459 2143 680 2197; x_wconf 83' lang='lat' dir='ltr'>diligentia</span> <span class='ocrx_word' id='word_1_210' title='bbox 712 2157 806 2184; x_wconf 89' lang='lat' dir='ltr'>mea</span> <span class='ocrx_word' id='word_1_211' title='bbox 838 2143 976 2184; x_wconf 84' lang='lat' dir='ltr'>otiosa</span> <span class='ocrx_word' id='word_1_212' title='bbox 1008 2143 1233 2193; x_wconf 77' lang='lat' dir='ltr'>videbitur,</span> <span class='ocrx_word' id='word_1_213' title='bbox 1259 2148 1333 2185; x_wconf 86' lang='lat' dir='ltr'>aut</span> <span class='ocrx_word' id='word_1_214' title='bbox 1366 2144 1522 2185; x_wconf 66' lang='lat' dir='ltr'>veritas</span> <span class='ocrx_word' id='word_1_215' title='bbox 1553 2145 1714 2187; x_wconf 78' lang='lat' dir='ltr'>acerba.</span> 
     </span>
     <span class='ocr_line' id='line_1_29' title="bbox 157 2203 1712 2258; baseline 0.001 -15"><span class='ocrx_word' id='word_1_216' title='bbox 157 2203 326 2256; x_wconf 90' lang='lat' dir='ltr'>qualem</span> <span class='ocrx_word' id='word_1_217' title='bbox 359 2205 471 2243; x_wconf 88' lang='lat' dir='ltr'>certe</span> <span class='ocrx_word' id='word_1_218' title='bbox 503 2204 582 2244; x_wconf 87' lang='lat' dir='ltr'>hac</span> <span class='ocrx_word' id='word_1_219' title='bbox 613 2203 968 2244; x_wconf 81' lang='lat' dir='ltr'>commentatione</span> <span class='ocrx_word' id='word_1_220' title='bbox 1001 2203 1199 2258; x_wconf 78' lang='lat' dir='ltr'>cognatio</span> <span class='ocrx_word' id='word_1_221' title='bbox 1243 2219 1385 2245; x_wconf 84' lang='lat' dir='ltr'>rerum</span> <span class='ocrx_word' id='word_1_222' title='bbox 1425 2218 1472 2245; x_wconf 81' lang='lat' dir='ltr'>ac</span> <span class='ocrx_word' id='word_1_223' title='bbox 1505 2204 1712 2245; x_wconf 71' lang='lat' dir='ltr'>discussio</span> 
     </span>
     <span class='ocr_line' id='line_1_30' title="bbox 158 2261 1113 2316; baseline 0.002 -14"><span class='ocrx_word' id='word_1_224' title='bbox 158 2275 308 2302; x_wconf 87' lang='lat' dir='ltr'>causae</span> <span class='ocrx_word' id='word_1_225' title='bbox 340 2261 444 2303; x_wconf 88' lang='lat' dir='ltr'>mihi</span> <span class='ocrx_word' id='word_1_226' title='bbox 477 2277 563 2303; x_wconf 91' lang='lat' dir='ltr'>non</span> <span class='ocrx_word' id='word_1_227' title='bbox 594 2261 885 2316; x_wconf 82' lang='lat' dir='ltr'>infrequenter</span> <span class='ocrx_word' id='word_1_228' title='bbox 917 2263 1113 2305; x_wconf 81' lang='lat' dir='ltr'>excussit.</span> 
     </span>
    </p>

    <p class='ocr_par' dir='ltr' id='par_1_7' title="bbox 114 2318 1716 2614">
     <span class='ocr_line' id='line_1_31' title="bbox 299 2318 1713 2376; baseline 0.001 -15"><span class='ocrx_word' id='word_1_229' title='bbox 299 2318 405 2361; x_wconf 85' lang='lat' dir='ltr'>Cum</span> <span class='ocrx_word' id='word_1_230' title='bbox 436 2322 488 2362; x_wconf 86' lang='lat' dir='ltr'>ad</span> <span class='ocrx_word' id='word_1_231' title='bbox 520 2322 579 2363; x_wconf 82' lang='lat' dir='ltr'>Te</span> <span class='ocrx_word' id='word_1_232' title='bbox 611 2321 809 2372; x_wconf 83' lang='lat' dir='ltr'>venirem,</span> <span class='ocrx_word' id='word_1_233' title='bbox 831 2322 1015 2376; x_wconf 82' lang='lat' dir='ltr'>benigue</span> <span class='ocrx_word' id='word_1_234' title='bbox 1039 2322 1208 2376; x_wconf 89' lang='lat' dir='ltr'>quidem</span> <span class='ocrx_word' id='word_1_235' title='bbox 1230 2327 1433 2375; x_wconf 81' lang='lat' dir='ltr'>exceptus</span> <span class='ocrx_word' id='word_1_236' title='bbox 1458 2324 1501 2363; x_wconf 87' lang='lat' dir='ltr'>et</span> <span class='ocrx_word' id='word_1_237' title='bbox 1526 2322 1713 2371; x_wconf 82' lang='lat' dir='ltr'>comiter,</span> 
     </span>
     <span class='ocr_line' id='line_1_32' title="bbox 155 2379 1714 2436; baseline 0.001 -16"><span class='ocrx_word' id='word_1_238' title='bbox 155 2379 210 2421; x_wconf 87' lang='lat' dir='ltr'>ad</span> <span class='ocrx_word' id='word_1_239' title='bbox 260 2379 402 2421; x_wconf 82' lang='lat' dir='ltr'>focum</span> <span class='ocrx_word' id='word_1_240' title='bbox 454 2381 637 2423; x_wconf 88' lang='lat' dir='ltr'>consedi.</span> <span class='ocrx_word' id='word_1_241' title='bbox 688 2381 872 2423; x_wconf 84' lang='lat' dir='ltr'>Litteris</span> <span class='ocrx_word' id='word_1_242' title='bbox 906 2381 1071 2422; x_wconf 86' lang='lat' dir='ltr'>erudita</span> <span class='ocrx_word' id='word_1_243' title='bbox 1121 2382 1211 2423; x_wconf 84' lang='lat' dir='ltr'>Tua</span> <span class='ocrx_word' id='word_1_244' title='bbox 1263 2381 1494 2435; x_wconf 77' lang='lat' dir='ltr'>colloquia.</span> <span class='ocrx_word' id='word_1_245' title='bbox 1528 2381 1714 2436; x_wconf 86' lang='lat' dir='ltr'>miraque</span> 
     </span>
     <span class='ocr_line' id='line_1_33' title="bbox 163 2439 1714 2494; baseline 0.001 -14"><span class='ocrx_word' id='word_1_246' title='bbox 163 2439 354 2481; x_wconf 87' lang='lat' dir='ltr'>suavitas</span> <span class='ocrx_word' id='word_1_247' title='bbox 386 2440 606 2493; x_wconf 81' lang='lat' dir='ltr'>voluptate</span> <span class='ocrx_word' id='word_1_248' title='bbox 639 2442 827 2482; x_wconf 81' lang='lat' dir='ltr'>maxima</span> <span class='ocrx_word' id='word_1_249' title='bbox 878 2440 1065 2481; x_wconf 87' lang='lat' dir='ltr'>animum</span> <span class='ocrx_word' id='word_1_250' title='bbox 1117 2455 1257 2482; x_wconf 88' lang='lat' dir='ltr'>meum</span> <span class='ocrx_word' id='word_1_251' title='bbox 1289 2441 1612 2494; x_wconf 77' lang='lat' dir='ltr'>perfundebant.</span> <span class='ocrx_word' id='word_1_252' title='bbox 1648 2441 1714 2482; x_wconf 84' lang='lat' dir='ltr'>Tu</span> 
     </span>
     <span class='ocr_line' id='line_1_34' title="bbox 114 2498 1713 2555; baseline 0.001 -16"><span class='ocrx_word' id='word_1_253' title='bbox 114 2538 133 2555; x_wconf 46' lang='grc' dir='ltr'><strong>Ἰ</strong></span> <span class='ocrx_word' id='word_1_254' title='bbox 158 2502 366 2553; x_wconf 79' lang='lat' dir='ltr'>patronus</span> <span class='ocrx_word' id='word_1_255' title='bbox 418 2513 510 2539; x_wconf 87' lang='lat' dir='ltr'>eras</span> <span class='ocrx_word' id='word_1_256' title='bbox 560 2498 720 2553; x_wconf 87' lang='lat' dir='ltr'>primae</span> <span class='ocrx_word' id='word_1_257' title='bbox 771 2514 899 2549; x_wconf 87' lang='lat' dir='ltr'>meae,</span> <span class='ocrx_word' id='word_1_258' title='bbox 951 2500 1185 2555; x_wconf 81' lang='lat' dir='ltr'>hungarice</span> <span class='ocrx_word' id='word_1_259' title='bbox 1219 2500 1418 2555; x_wconf 78' lang='lat' dir='ltr'>scriptae,</span> <span class='ocrx_word' id='word_1_260' title='bbox 1452 2503 1713 2541; x_wconf 85' lang='lat' dir='ltr'>commenta-</span> 
     </span>
     <span class='ocr_line' id='line_1_35' title="bbox 158 2557 1716 2614; baseline 0.001 -15"><span class='ocrx_word' id='word_1_261' title='bbox 158 2557 293 2599; x_wconf 86' lang='lat' dir='ltr'>tionis</span> <span class='ocrx_word' id='word_1_262' title='bbox 327 2558 376 2598; x_wconf 92' lang='lat' dir='ltr'>de</span> <span class='ocrx_word' id='word_1_263' title='bbox 437 2558 605 2599; x_wconf 90' lang='lat' dir='ltr'>Aeneae</span> <span class='ocrx_word' id='word_1_264' title='bbox 668 2557 801 2612; x_wconf 74' lang='lat' dir='ltr'>Sylvii</span> <span class='ocrx_word' id='word_1_265' title='bbox 861 2558 1044 2600; x_wconf 87' lang='lat' dir='ltr'>historia</span> <span class='ocrx_word' id='word_1_266' title='bbox 1105 2559 1284 2601; x_wconf 90' lang='lat' dir='ltr'>duorum</span> <span class='ocrx_word' id='word_1_267' title='bbox 1336 2560 1602 2614; x_wconf 54' lang='lat' dir='ltr'>amantumf‘)</span> <span class='ocrx_word' id='word_1_268' title='bbox 1637 2560 1716 2602; x_wconf 53' lang='lat' dir='ltr'>§ed</span> 
     </span>
    </p>
   </div>
   <div class='ocr_carea' id='block_1_4' title="bbox 161 2699 1714 2839">
    <p class='ocr_par' dir='ltr' id='par_1_8' title="bbox 161 2699 1714 2839">
     <span class='ocr_line' id='line_1_36' title="bbox 306 2699 1714 2746; baseline 0 -13"><span class='ocrx_word' id='word_1_269' title='bbox 306 2702 334 2746; x_wconf 79' lang='lat'>1)</span> <span class='ocrx_word' id='word_1_270' title='bbox 359 2700 452 2735; x_wconf 77' lang='lat' dir='ltr'>Ovid</span> <span class='ocrx_word' id='word_1_271' title='bbox 479 2711 522 2735; x_wconf 82' lang='lat' dir='ltr'>ex</span> <span class='ocrx_word' id='word_1_272' title='bbox 548 2699 667 2735; x_wconf 86' lang='lat' dir='ltr'>Ponto</span> <span class='ocrx_word' id='word_1_273' title='bbox 692 2699 1114 2743; x_wconf 68' lang='lat' dir='ltr'>111.2;10.11a1ffia1.</span> <span class='ocrx_word' id='word_1_274' title='bbox 1154 2699 1229 2734; x_wconf 55' lang='grc' dir='ltr'>ΧΠ</span> <span class='ocrx_word' id='word_1_275' title='bbox 1257 2701 1325 2743; x_wconf 77' lang='lat'>423</span> <span class='ocrx_word' id='word_1_276' title='bbox 1353 2702 1385 2735; x_wconf 83' lang='grc'>6.</span> <span class='ocrx_word' id='word_1_277' title='bbox 1412 2700 1440 2735; x_wconf 62' lang='lat'>²}</span> <span class='ocrx_word' id='word_1_278' title='bbox 1466 2699 1570 2734; x_wconf 82' lang='lat' dir='ltr'>Ovid.</span> <span class='ocrx_word' id='word_1_279' title='bbox 1616 2701 1714 2735; x_wconf 75' lang='lat' dir='ltr'>Fast.</span> 
     </span>
     <span class='ocr_line' id='line_1_37' title="bbox 161 2746 1714 2792; baseline -0.002 -9"><span class='ocrx_word' id='word_1_280' title='bbox 161 2747 205 2783; x_wconf 90' lang='lat' dir='ltr'>V.</span> <span class='ocrx_word' id='word_1_281' title='bbox 231 2750 311 2783; x_wconf 83' lang='grc'>219.</span> <span class='ocrx_word' id='word_1_282' title='bbox 339 2750 416 2783; x_wconf 75' lang='grc'>220</span> <span class='ocrx_word' id='word_1_283' title='bbox 445 2749 473 2792; x_wconf 80' lang='lat'>³)</span> <span class='ocrx_word' id='word_1_284' title='bbox 500 2747 563 2782; x_wconf 86' lang='lat' dir='ltr'>Cic</span> <span class='ocrx_word' id='word_1_285' title='bbox 589 2748 632 2782; x_wconf 88' lang='lat' dir='ltr'>de</span> <span class='ocrx_word' id='word_1_286' title='bbox 659 2749 750 2782; x_wconf 86' lang='lat' dir='ltr'>orat</span> <span class='ocrx_word' id='word_1_287' title='bbox 778 2746 822 2782; x_wconf 90' lang='lat' dir='ltr'>II.</span> <span class='ocrx_word' id='word_1_288' title='bbox 850 2749 915 2790; x_wconf 81' lang='lat'>753</span> <span class='ocrx_word' id='word_1_289' title='bbox 945 2749 998 2781; x_wconf 89' lang='lat'>77.</span> <span class='ocrx_word' id='word_1_290' title='bbox 1043 2749 1072 2791; x_wconf 62' lang='lat' dir='ltr'>J‘)</span> <span class='ocrx_word' id='word_1_291' title='bbox 1115 2747 1307 2781; x_wconf 82' lang='lat' dir='ltr'>Praelecta</span> <span class='ocrx_word' id='word_1_292' title='bbox 1344 2758 1417 2790; x_wconf 84' lang='lat' dir='ltr'>qua</span> <span class='ocrx_word' id='word_1_293' title='bbox 1442 2747 1591 2781; x_wconf 80' lang='lat' dir='ltr'>libellus</span> <span class='ocrx_word' id='word_1_294' title='bbox 1618 2747 1714 2782; x_wconf 82' lang='lat' dir='ltr'>aditi</span> 
     </span>
     <span class='ocr_line' id='line_1_38' title="bbox 161 2794 1605 2839; baseline 0.001 -10"><span class='ocrx_word' id='word_1_295' title='bbox 161 2795 242 2837; x_wconf 82' lang='lat' dir='ltr'>alis</span> <span class='ocrx_word' id='word_1_296' title='bbox 257 2795 470 2830; x_wconf 82' lang='lat' dir='ltr'>insessione</span> <span class='ocrx_word' id='word_1_297' title='bbox 495 2794 775 2838; x_wconf 83' lang='lat' dir='ltr'>Philologorum</span> <span class='ocrx_word' id='word_1_298' title='bbox 800 2794 1182 2839; x_wconf 81' lang='lat' dir='ltr'>Budapestiuensium</span> <span class='ocrx_word' id='word_1_299' title='bbox 1211 2804 1332 2829; x_wconf 78' lang='lat' dir='ltr'>mense</span> <span class='ocrx_word' id='word_1_300' title='bbox 1357 2794 1483 2839; x_wconf 76' lang='lat' dir='ltr'>Aprili</span> <span class='ocrx_word' id='word_1_301' title='bbox 1502 2795 1605 2833; x_wconf 76' lang='lat'><strong>1888.</strong></span> 
     </span>
    </p>
   </div>
  </div>
 </body>
</html>
