1988 3344
1771 221 1821 261 31

129 363 425 418 disciplinae‚¹)
456 363 589 405 vitam
619 377 755 404 meam
785 362 1050 403 mulierculae
1081 362 1252 404 tradidi.
1287 361 1411 411 Quid,
1444 361 1479 403 si
1510 376 1587 411 me,
1609 365 1828 403 oneratum

126 423 350 473 frumento,
382 422 535 477 aliquis
566 421 803 477 agnovisset
820 425 838 462 ἱ)
873 421 993 470 Quod
1025 422 1212 470 dedecus,
1234 435 1438 476 quaenam
1461 419 1636 462 infamia
1657 420 1764 461 mihi
1787 424 1829 461 et

128 483 230 524 meis
261 482 440 536 posteris
470 480 698 523 evenisset!
729 480 929 521 Alienum
961 494 1026 522 me
1048 479 1199 522 Caesar
1232 480 1411 527 fecisset,
1455 483 1671 534 tamquam
1698 480 1826 520 levem

131 546 173 583 et
206 542 402 583 insanum
433 539 692 596 punivisset3
724 539 956 594 potuissem
986 539 1089 580 haec
1112 541 1410 582 contemnere.“

270 600 412 654 „Quid
435 602 586 649 autem,
609 598 643 640 si
663 613 731 639 me
753 598 826 649 vir,
850 598 948 639 dum
962 598 1117 640 scrinia
1139 599 1338 649 versabat,
1359 599 1561 640 latentem
1574 597 1796 638 invenisset
1810 602 1828 637 ἱ)

129 659 260 702 Saeva
290 666 355 701 est
386 659 453 700 lex
483 658 588 699 iulia
607 657 805 699 moechis.
838 657 991 713 Exigit
1022 661 1165 698 tamen
1180 657 1295 698 dolor
1310 657 1456 699 mariti
1470 657 1649 698 maiores
1662 670 1829 710 poenas.

133 734 260 774 quam
289 719 356 760 lex
377 718 463 760 ulla
485 717 748 761 concesserit.
772 716 906 758 Necat
929 717 1031 758 haec
1053 717 1175 768 ferro,
1201 721 1322 758 necat
1354 717 1421 757 ille
1444 715 1630 758 cruentis
1652 715 1830 757 verberi-

126 779 228 832 bus3
260 777 460 833 quosdam
491 776 688 819 moechos
721 779 764 817 et
796 775 968 831 mugilis
990 773 1176 829 intrat.2)
1209 774 1289 818 Sed
1310 779 1507 830 putemus
1529 775 1660 817 virum
1682 789 1829 828 peper-

129 838 232 879 cisse
265 837 375 878 vitae
407 851 532 878 meae.
566 836 682 878 Num
714 850 779 876 me
810 835 856 876 in
879 834 1058 877 vinculis
1081 834 1336 885 coniecisset,
1370 838 1444 876 aut
1466 834 1650 876 infamen
1665 833 1830 875 Caesari

126 895 402 938 tradidisset?
434 895 630 937 Dicamus
662 898 706 936 et
730 894 846 936 illius
881 909 946 936 me
967 909 1114 935 manus
1137 895 1319 949 effugere
1340 893 1542 948 potuisse,
1575 894 1675 948 quia
1718 892 1829 933 iner-

126 956 208 997 mis
239 959 341 1005 erat,
373 954 563 1009 mihique
594 955 701 995 fidus
732 953 846 995 ensis
878 954 1077 995 haerebat
1123 953 1258 994 lateri.
1292 952 1353 994 At
1385 953 1447 994 vir
1479 952 1707 994 comitatus
1738 955 1831 992 erat

126 1020 169 1056 et
191 1029 307 1056 arma
328 1029 378 1055 ex
399 1014 559 1068 pariete
581 1012 821 1067 pendebant
844 1017 970 1067 captu
991 1012 1159 1065 facilia3
1192 1012 1237 1053 in
1260 1013 1382 1053 domo
1405 1012 1557 1067 longus
1578 1011 1831 1052 famulorum

127 1075 239 1116 ordo.
273 1073 483 1115 Clamores
515 1087 614 1114 mox
636 1071 911 1114 invaluissent
932 1076 975 1114 et
998 1072 1106 1113 ostia
1128 1071 1306 1112 fuissent
1341 1071 1505 1123 clausa;
1548 1074 1651 1112 tunc
1684 1071 1734 1111 de
1766 1084 1830 1111 me

126 1133 378 1188 supplicium
409 1136 593 1174 sumtum
625 1132 811 1173 fuisset.“

274 1192 394 1246 „Heu
425 1207 490 1233 me
523 1192 778 1233 dementem!
812 1189 938 1231 Nulla
969 1205 1034 1231 me
1066 1189 1316 1244 prudentia“
1351 1188 1546 1230 liberavit
1578 1189 1630 1230 ab
1655 1189 1734 1229 hoc
1769 1187 1832 1229 di-

128 1252 332 1301 scrimine,
364 1252 435 1293 sed
467 1265 596 1292 casus.
626 1249 737 1299 Quid
755 1264 873 1291 casus
888 1252 906 1289 :²
931 1250 1016 1290 imo
1039 1253 1081 1290 et
1097 1252 1343 1303 promptum
1358 1249 1578 1304 ingenium
1600 1246 1831 1289 Lucretiae.

130 1312 164 1353 (f)
197 1312 321 1352 fidem
343 1310 569 1352 feminam!
604 1309 638 1351 O
663 1309 907 1350 amatricem
929 1309 1204 1362 prudentem!
1237 1306 1270 1348 Ο
1293 1307 1505 1363 insignem
1542 1311 1584 1349 et
1623 1305 1834 1348 nobilissi-

128 1386 243 1411 mum
265 1372 474 1411 amorem!
507 1367 587 1410 Cur
619 1383 684 1410 me
715 1368 796 1409 tibi
819 1383 904 1410 non
929 1368 1128 1409 credam?
1161 1367 1243 1408 Cur
1273 1370 1390 1408 tuam
1403 1381 1487 1408 non
1509 1381 1656 1421 sequar
1674 1366 1831 1407 fidem?

132 1429 249 1471 Mille
280 1428 388 1470 mihi
429 1428 564 1470 assint
597 1427 788 1476 cervices,
822 1441 964 1468 omnes
995 1426 1074 1468 tibi
1106 1426 1382 1468 committam.
1437 1426 1500 1467 Tu
1531 1425 1667 1467 fidelis
1699 1440 1752 1473 es,
1785 1428 1832 1465 tu

127 1493 262 1537 cauta,
284 1492 333 1529 tu
363 1489 561 1542 prudens,
594 1487 675 1529 scis
709 1501 847 1528 amare
881 1490 922 1528 et
955 1489 1167 1527 amantem
1198 1485 1349 1528 tueri.“

273 1547 405 1601 „Quis
447 1550 535 1588 tam
581 1546 667 1588 cito
713 1546 951 1601 excogitare
995 1545 1201 1599 potuisset
1232 1544 1340 1586 viam
1373 1559 1455 1598 qua
1487 1558 1552 1585 me
1585 1547 1831 1598 quaerentes

130 1610 347 1657 averteret,
370 1610 417 1648 ut
438 1610 487 1648 tu
509 1606 600 1660 ipsa
622 1605 910 1661 excogitasti?
944 1605 1008 1646 Tu
1040 1604 1144 1645 mihi
1166 1604 1273 1645 hanc
1295 1604 1427 1645 vitam
1451 1604 1635 1652 servasti,
1659 1603 1833 1643 eandem

128 1666 209 1707 tibi
258 1667 444 1707 devoveo.
493 1665 592 1706 Non
637 1679 775 1706 meum
807 1668 882 1714 est,
915 1665 986 1705 sed
1016 1667 1147 1712 tuum,
1181 1664 1291 1718 quod
1322 1663 1449 1717 spiro.
1481 1662 1581 1703 Non
1613 1661 1697 1703 erit
1728 1660 1833 1702 mihi

129 1727 279 1767 durum
308 1725 481 1779 perdere
511 1727 684 1778 propter
714 1727 769 1772 te,
803 1723 913 1778 quod
945 1737 1019 1777 per
1048 1726 1090 1764 te
1122 1726 1256 1764 teneo.
1278 1722 1341 1763 Tu
1373 1721 1484 1764 vitae
1505 1735 1619 1762 meae
1661 1721 1726 1761 ius
1759 1721 1834 1761 ha-

129 1784 210 1835 bes,
241 1788 290 1826 tu
310 1783 424 1826 necis
457 1783 691 1837 imperium.
702 1785 719 1804 “

275 1843 338 1897 „O
364 1843 588 1884 candidum
638 1844 806 1896 pectus!
841 1841 875 1883 Ο
911 1842 1072 1883 dulcem
1104 1840 1322 1894 lingvam!
1357 1840 1391 1882 O
1425 1854 1565 1881 svaves
1598 1838 1762 1880 oculos!
1797 1838 1830 1880 O

131 1903 353 1958 ingenium
384 1903 526 1944 velox!
561 1902 595 1943 O
629 1901 816 1943 membra
847 1915 1093 1950 marmorea,
1117 1899 1308 1954 succique
1329 1899 1513 1954 plenal3)
1550 1898 1725 1948 Quando
1757 1912 1834 1952 ego

129 1974 200 2003 vos
222 1961 429 2003 revisam?
463 1961 628 2016 quando
661 1960 814 2003 iterum
846 1960 1047 2001 corallina
1078 1959 1188 2000 labia
1220 1959 1450 2000 mordebo?
1478 1959 1643 2013 quando
1675 1961 1832 1998 tremu-

130 2023 216 2062 lam
238 2021 437 2077 lingvam‚
483 2020 549 2062 ori
593 2035 685 2062 meo
719 2019 1126 2067 immurmurantem,
1160 2019 1294 2060 denuo
1327 2018 1540 2060 sentiam?
1572 2016 1834 2071 papillasque

131 2095 315 2134 unquam
336 2079 428 2121 illas
450 2080 689 2121 retractabo
704 2081 747 2120 ?“

276 2140 458 2193 „Parum
490 2142 564 2188 est,
597 2138 794 2188 Achates,
827 2138 938 2191 quod
969 2137 1012 2178 in
1044 2137 1123 2178 hac
1155 2137 1329 2178 muliere
1360 2135 1516 2177 vidisti.
1550 2135 1641 2184 Quo
1664 2134 1835 2188 propior

130 2203 194 2240 est
224 2198 395 2249 femina,
427 2212 475 2239 eo
507 2198 732 2239 formosior
764 2199 838 2238 est.
869 2196 1046 2238 Vtinam
1078 2211 1161 2237 una
1193 2210 1355 2237 mecum
1386 2194 1562 2236 fuisses!
1595 2194 1694 2235 Non
1725 2193 1833 2234 Can—

132 2257 303 2307 daulis4)
335 2258 445 2313 regis
478 2257 640 2311 Lydiae
682 2257 866 2298 formosa
907 2270 1012 2297 uxor
1065 2254 1293 2297 formosior
1323 2253 1457 2305 fuiffl)
1489 2268 1613 2307 quam
1645 2253 1729 2293 ista
1759 2256 1832 2294 est.

132 2317 232 2358 Non
263 2317 407 2367 miror,
440 2316 560 2358 illum
590 2316 766 2358 voluisse
798 2316 954 2356 nudam
986 2314 1206 2370 coniugem
1228 2313 1342 2355 socio
1358 2312 1654 2361 demonstrare,
1677 2315 1726 2353 ut
1747 2311 1833 2365 ple-

131 2375 225 2416 nius
256 2379 437 2417 sumeret
466 2376 681 2431 gaudium.
713 2375 806 2430 Ego
839 2387 1000 2428 quoque
1032 2373 1184 2415 itidem
1216 2372 1406 2414 facerem.
1441 2371 1486 2413 Si
1508 2371 1685 2412 facultas
1714 2374 1833 2419 esset,

132 2434 374 2476 Lucretiam
404 2434 486 2475 tibi
518 2436 673 2476 nudam
705 2434 980 2475 ostenderem.
1013 2432 1152 2474 Aliter
1184 2436 1323 2474 autem
1345 2445 1420 2472 nec
1432 2431 1513 2472 tibi
1529 2430 1662 2479 effari,
1677 2433 1835 2484 quanta

133 2494 191 2535 sit
222 2493 311 2535 eius
342 2493 608 2547 pulchritudo
639 2508 821 2547 possum,
854 2507 928 2533 nec
949 2496 1008 2542 tu,
1031 2507 1156 2546 quam
1178 2491 1406 2543 solidum‚⁶)
1438 2504 1643 2544 quamque
1664 2489 1834 2542 plenum

132 2568 270 2594 meum
300 2552 428 2594 fuerit
459 2552 672 2608 gaudium,
705 2555 825 2606 potes
857 2551 1132 2593 considerare.
1167 2550 1248 2592 Sed
1279 2550 1491 2605 congaude
1513 2563 1687 2601 mecum,
1736 2547 1832 2602 quia

135 2613 271 2654 maior
303 2612 441 2653 fuerat
472 2611 673 2665 voluptas,
706 2626 831 2665 quam
862 2609 1001 2651 verbis
1033 2612 1169 2664 possit
1200 2609 1391 2663 exponi.“

276 2671 346 2714 Sic
377 2670 586 2724 Euryalus
617 2685 712 2711 cum
743 2669 917 2711 Achate.
951 2669 1042 2710 Nec
1063 2668 1262 2723 pauciora
1277 2682 1416 2708 secum
1435 2666 1626 2708 Lucretia
1644 2665 1833 2720 dicebatg

132 2731 224 2772 eius
254 2734 397 2772 tamen
428 2732 549 2771 tanto
572 2728 711 2770 minor
732 2727 896 2769 laetitia
918 2727 1009 2778 fuit,
1052 2743 1132 2782 quo
1154 2726 1416 2769 taciturnior.
1450 2725 1561 2767 Aliis
1594 2726 1717 2766 fidem
1749 2739 1833 2766 non
1867 2734 1870 2737 ·
1916 2730 1934 2733 “’

133 2789 293 2839 habuit,
323 2792 372 2831 ut
402 2803 491 2830 rem
523 2788 656 2842 possit
686 2787 861 2829 referre:
894 2786 1052 2836 Sosiae,
1104 2801 1202 2841 prae
1249 2785 1507 2835 verecundia,
1558 2787 1697 2826 totum
1748 2798 1832 2828 non

135 2849 313 2890 audebat
344 2863 524 2890 narrare.

277 3001 304 3045 ¹)
331 3000 432 3035 Conf.
460 3001 540 3035 Ter.
567 2999 704 3034 Heaut.
730 2999 774 3034 Π.
804 3000 846 3040 3;
877 2999 1026 3033 18-20,
1054 3017 1096 3021 -
1124 2997 1151 3040 ²)
1178 2996 1255 3031 Iuv.
1284 2997 1317 3030 X
1356 2997 1434 3032 314.
1476 3006 1548 3039 seq.
1591 2995 1724 3030 Horat.
1755 2995 1832 3029 Sat.

136 3050 158 3083 1.
187 3050 230 3091 2;
257 3049 407 3084 41—46.
435 3068 478 3073 —
505 3048 533 3092 3)
559 3047 641 3082 Ter.
666 3046 759 3081 Eun.
786 3046 831 3080 ΙΙ.
858 3046 901 3088 3;
930 3044 985 3080 27.
1014 3065 1057 3069 -
1083 3044 1112 3089 4)
1138 3043 1314 3080 Herodot.
1340 3044 1367 3080 I,
1393 3043 1425 3079 8.
1452 3054 1529 3086 seq.
1549 3063 1591 3067 —
1611 3043 1638 3086 ⁵)
1665 3041 1727 3076 Ov.
1745 3041 1832 3077 Her.

137 3095 267 3130 XVIII.
295 3097 350 3131 73.
379 3116 423 3120 —
450 3095 478 3139 ⁶)
504 3095 589 3129 Ter.
615 3094 728 3129 Andr.
756 3093 816 3128 IV.
846 3094 862 3129 1
878 3105 885 3136 ;
915 3094 970 3127 23.
