1988 3344
1764 220 1765 233 l
1800 222 1807 239 1

1778 249 1834 290 63

124 392 289 445 busque
321 390 526 431 laeteris?
561 389 746 431 Resume
781 390 925 430 omnia
958 390 1098 439 simul,
1133 404 1238 444 quae
1272 389 1314 431 in
1339 404 1480 431 amore
1516 391 1618 431 sunt
1659 381 1831 444 gaudia,

125 464 379 504 rursumque
432 449 594 502 taedia3
646 449 782 489 multa
815 448 895 490 ista
937 463 1071 502 pauca
1104 449 1177 489 illa
1223 449 1419 503 reperies,
1453 463 1680 502 veramque
1714 448 1828 490 illius

124 509 387 551 sententiam
432 509 554 557 dices,
598 506 669 561 qui
714 522 866 560 parum
903 507 1043 549 mellis
1076 506 1119 548 in
1154 508 1290 549 multo
1325 507 1424 549 felle
1450 522 1655 557 mersum,
1691 508 1834 562 inquit

125 582 317 610 amorem
350 568 493 622 esse,1)

264 626 374 668 'Cum
407 641 522 682 ergo,
547 624 589 666 N
593 624 734 674 icolae,
757 628 876 666 totus
899 639 1030 675 amor,
1074 626 1122 666 de
1147 639 1230 679 quo
1255 626 1478 680 loquimur,
1521 639 1667 674 vanus,
1700 640 1835 679 asper,

127 701 309 735 amarus,
344 687 656 738 damnosusque
690 683 745 725 sit
778 688 820 725 et
854 684 1071 726 hominem
1106 685 1255 725 inorbo
1289 685 1543 739 gravissimo
1568 687 1735 726 teneat:
1769 699 1837 725 cu-

129 747 307 787 randum
341 749 418 795 est,
451 748 500 785 ut
533 745 584 784 ab
619 758 667 784 eo
700 743 906 785 libereris.
960 744 1069 786 Cura
1122 746 1264 785 autem
1297 758 1345 785 ea
1379 746 1457 796 est,
1491 746 1539 784 ut
1571 743 1705 784 menti
1738 747 1837 784 tuae

130 805 407 859 persvadeas:
440 804 597 844 malum
629 818 716 845 esse
755 817 954 844 amorem.
989 804 1099 844 Post
1131 803 1234 844 haec
1269 802 1451 844 declines
1485 802 1646 844 amicae
1681 816 1836 843 sermo-

131 879 241 910 nem,
276 864 409 905 otium
441 862 632 917 fugiasf)
666 862 707 903 in
740 862 916 917 negotio
967 877 1132 916 semper
1166 862 1236 912 sis,
1270 864 1385 905 viros
1417 863 1563 912 bonos,
1597 862 1670 916 qui
1703 866 1744 903 te
1776 861 1838 902 in-

125 927 310 972 struant,
346 923 549 977 sequaris,
583 921 689 963 nulli
722 921 835 972 ludo,
868 921 971 963 nulli
1005 921 1196 963 convivio
1231 921 1419 963 10101515.
1454 921 1499 963 Si
1545 921 1642 974 quid
1677 921 1838 974 largita

129 986 195 1024 est
228 983 373 1034 amica,
408 983 481 1023 abs
533 986 575 1022 te
630 979 812 1023 abiicias.
865 981 990 1023 Nihil
1044 996 1175 1035 penes
1210 983 1251 1021 te
1286 980 1355 1031 sit,
1389 981 1499 1034 quod
1534 980 1651 1021 illius
1684 979 1836 1022 fuerit:

118 1046 234 1097 puta
268 1042 387 1084 illam»
418 1055 505 1084 esse
535 1042 733 1083 nuntium
785 1041 957 1092 diabole),
993 1040 1064 1094 qui
1097 1043 1140 1081 te
1184 1040 1359 1094 perdere
1394 1040 1512 1085 velit,
1545 1039 1641 1081 Sint
1673 1038 1712 1080 in
1750 1054 1837 1080 me-

133 1101 269 1143 moria
302 1099 458 1142 Christi
493 1099 705 1149 beneficia,
739 1114 844 1153 quae
877 1099 954 1141 tibi
987 1100 1210 1153 impendit.
1235 1097 1400 1154 Cogita,
1422 1100 1527 1153 quot
1550 1097 1836 1140 benefacienti

132 1159 320 1215 praemia
351 1159 395 1200 in
428 1159 686 1201 coelestibus
741 1159 910 1200 sedibus
944 1161 987 1199 et
1018 1162 1122 1213 quot
1154 1158 1441 1199 malefacienti
1490 1157 1696 1212 supplicia
1728 1158 1841 1213 apud

133 1220 292 1261 inferos
326 1223 578 1273 praeparata
611 1220 720 1259 sunt.

277 1277 442 1334 Cogita,
495 1278 583 1319 dies
639 1280 738 1317 tuos
773 1276 937 1317 assidue
971 1276 1062 1318 fieri
1096 1276 1323 1329 breviores,
1359 1275 1599 1330 instareque
1632 1275 1838 1317 ultimum.

134 1337 302 1393 Cogita
337 1337 433 1391 quia
466 1336 607 1378 irrisui
644 1339 720 1386 est,
763 1335 836 1389 qui
880 1338 996 1377 amat
1039 1339 1080 1377 et
1116 1336 1367 1389 praesertim
1400 1335 1466 1378 vir
1498 1350 1602 1376 aevo
1636 1339 1839 1380 maturus

131 1397 290 1453 Coo—ita
342 1396 585 1437 instabilem
640 1368 831 1436 mulieris
885 1394 1084 1444 animum,
1129 1395 1272 1450 cogita
1304 1394 1586 1448 peiditionem
1619 1396 1838 1449 temporis,

129 1472 218 1512 quo
252 1455 353 1496 nihi]
389 1459 454 1497 est
486 1455 725 1510 pretiosius,
759 1453 912 1509 Cogita
945 1454 1269 1507 dissipationem
1283 1454 1507 1495 bonorum.
1524 1452 1675 1508 Cogita
1691 1456 1840 1502 vitam,

131 1530 263 1571 quam
298 1514 491 1557 vivimus
525 1514 821 1557 brevissimam
856 1513 899 1554 in
922 1515 1001 1554 hoc
1029 1514 1206 1564 saeculo,
1241 1513 1433 1568 quamvis
1467 1513 1760 1566 voluptatibus
1783 1513 1841 1554 sit

132 1573 280 1616 dedita
314 1576 357 1615 et
393 1575 434 1616 in
467 1574 548 1615 3110
584 1575 754 1622 mundo,
778 1588 904 1626 quam
938 1572 1208 1627 inquirimus,
1242 1573 1402 1614 nullum
1435 1587 1524 1613 esse
1557 1573 1697 1613 finem.

278 1633 404 1681 Haec,
439 1634 476 1674 51
506 1641 645 1675 tecum
679 1633 826 1674 sedulo
860 1632 1128 1688 cogitaveris,
1161 1634 1474 1686 praeceptaque
1508 1631 1593 1672 ista
1625 1630 1837 1672 tenueris:

133 1708 333 1741 amorem,
388 1708 469 1747 quo
524 1692 738 1741 cruciaris,
784 1706 807 1731 a
839 1694 881 1732 te
914 1691 1033 1732 brevi
1065 1694 1257 1746 tempore
1290 1690 1512 1745 relegabis,
1546 1690 1765 1745 virumque
1798 1693 1841 1730 te

132 1752 376 1808 praestabis
428 1752 516 1793 Deo
551 1755 736 1807 gratum,
771 1751 970 1804 coeloque
1006 1750 1193 1806 dignum.
1228 1776 1280 1781 ——
1326 1750 1392 1791 Ex
1425 1750 1605 1800 Vienna,
1640 1751 1705 1791 31.
1752 1749 1840 1791 De-

127 1811 312 1853 cembris
348 1812 472 1853 1446.

820 1869 1019 1924 Epistola
1052 1870 1148 1911 395.

277 1929 475 1971 Poenitet
508 1929 932 1983 olim-composuisse
966 1931 1197 1970 tractatum
1230 1929 1281 1970 de
1312 1928 1476 1969 duobus
1511 1927 1769 1968 amantibus.

277 1989 525 2030 Tractatum
559 1989 607 2029 de
641 2003 782 2029 amore
807 1988 922 2038 olim,
954 2003 1091 2039 sensu,
1113 1987 1357 2042 pariterque
1381 1990 1520 2028 aetate
1544 1986 1730 2035 10νο1105,
1747 2001 1839 2027 0001

133 2064 212 2090 005
247 2048 468 2102 scripsisse
500 2047 736 2096 recolimus,
784 2046 943 2097 Carole,
977 2047 1040 2088 fili
1071 2046 1354 2096 dilectissime,
1387 2045 1656 2100 poenitentia
1687 2047 1840 2086 immo-

130 2107 236 2155 dica
272 2109 495 2174 pudorque
519 2122 565 2148 ac
602 2121 769 2148 moeror
813 2106 1000 2148 animum
1034 2111 1227 2148 nostrum
1260 2106 1535 2147 vehementei
1568 2104 1837 2146 excruciant.

100 2168 292 2234 ‘quippe
327 2166 400 2222 qui
433 2166 627 2216 sciamus,
663 2167 820 2220 quique
866 2166 1097 2220 protestati
1145 2179 1342 2219 expresse
1374 2165 1556 2206 fuimus·
1589 2165 1672 2205 duo
1707 2163 1842 2205 conti-

134 2227 229 2268 neri
263 2227 307 2267 in
338 2241 386 2268 eo
420 2226 576 2275 libello,
631 2229 823 2292 apertam
873 2225 1081 2276 videlicet,
1115 2250 1169 2256 —
1204 2225 1274 2266 sed
1306 2224 1411 2265 heu!
1456 2223 1655 2266 lascivam
1699 2223 1839 2272 nimis,

134 2288 488 2341 prurientemque
521 2285 674 2326 3010115
706 2285 932 2326 historiam
965 2287 1008 2326 et
1040 2258 1356 2338 11101310,(1110(1
1381 2298 1470 2324 eam
1501 2282 1705 2336 sequitur,
1728 2281 1840 2323 aedi-

135 2346 268 2387 ficans
301 2346 468 2400 dogma.
501 2340 690 2392 Ouorum
722 2343 908 2398 primuni
959 2344 1099 2385 fatuos
1153 2346 1278 2398 atque
1312 2346 1501 2383 errantes
1534 2341 1656 2383 video
1691 2340 1840 2382 sectari

132 2420 262 2460 quam
296 2404 529 2458 plurimos:
584 2404 778 2454 alterum,
811 2403 894 2444 heu
927 2403 1070 2444 dolor!
1104 2417 1237 2456 paene
1270 2403 1418 2443 nullos.
1454 2401 1522 2442 Ita
1554 2416 1663 2456 110111
1668 2403 1841 2442 avatum

132 2468 202 2505 est
236 2467 363 2517 atque
397 2463 665 2504 obfuscatum
698 2462 848 2504 infelix
881 2462 1125 2504 mortalium
1160 2476 1310 2516 genus.

282 2522 344 2563 De
377 2536 518 2564 amore
571 2522 714 2577 igitur,
767 2535 872 2576 (11130
927 2521 1173 2588 scripsimus
1217 2521 1319 2562 olim
1351 2520 1537 2569 iuvenes,
1581 2517 1840 2560 contenmite

136 2598 162 2623 o
185 2582 384 2624 mortales
418 2584 543 2635 atque
561 2581 771 2634 respuite,
804 2580 1028 2635 sequimini
1061 2596 1167 2634 quae
1200 2594 1309 2621 00110
1343 2579 1518 2620 dicimus
1538 2581 1579 2619 et
1595 2576 1683 2619 seni
1705 2576 1842 2631 inagis

133 2656 269 2695 quam
325 2640 465 2682 iuveni
518 2640 698 2681 credite!
749 2639 840 2680 Nec
890 2639 1103 2693 privatum
1138 2639 1356 2680 hominem
1389 2637 1521 2693 pluris
1553 2636 1680 2678 facite
1715 2651 1841 2690 quam

136 2700 404 2742 Pontificem.
438 2699 627 2742 Aeneam
657 2700 830 2747 reficite,
866 2698 993 2740 Pium
1025 2700 1236 2752 suscipite.
1272 2698 1382 2738 Illud
1405 2697 1568 2751 gentile
1590 2710 1746 2737 0011100
1769 2710 1841 2748 pa-

134 2762 283 2801 rentes
316 2758 504 2801 indidere
537 2757 754 2799 nascenti-2
788 2762 869 2798 hoc
901 2757 1182 2798 christianum
1214 2757 1259 2798 in
1291 2756 1537 2810 apostolatu
1566 2754 1839 2808 suscepimus.

138 2818 283 2869 Porro,
317 2819 351 2860 si
383 2832 507 2873 quem
540 2816 845 2870 descripsimus
890 2816 1063 2870 Euryali
1106 2815 1415 2869 Lueretiaeque
1449 2829 1648 2864 amorem,
1684 2813 1839 2861 devoti,

138 2880 188 2918 ut
241 2877 488 2931 accepimuS,
522 2891 545 2917 0
579 2875 732 2925 miseri,
765 2889 788 2916 o
823 2875 1088 2929 insipientes,
1143 2874 1391 2930 perlegitis:
1447 2874 1528 2915 huc
1580 2874 1838 2927 propensius

134 2936 310 2978 iamiam
341 2937 535 2978 accedite.
580 2938 643 2978 &c

283 3125 312 3170 1)
334 3124 458 3159 Plaut.
486 3123 616 3159 Cistel.
642 3123 669 3159 Ι.
698 3122 741 3167 1;
769 3123 825 3158 71.
853 3122 909 3158 72.
939 3142 978 3147 --
1007 3123 1035 3167 ²)
1063 3121 1125 3160 Ov,
1154 3133 1239 3157 rem.
1271 3132 1389 3156 amor.

1973 2660 1988 2731 <³²:21
